<DATE>	<TIME>	<BID>	<ASK>	<LAST>	<VOLUME>	<FLAGS>
2026.02.16	00:00:18.843	1.96514	1.97078			6
2026.02.16	00:00:30.512	1.96508	1.97079			6
2026.02.16	00:00:41.140	1.96511	1.97088			6
2026.02.16	00:01:09.911	1.96197	1.97819			6
2026.02.16	00:01:52.614	1.96486	1.97530			6
2026.02.16	00:01:59.039	1.96417	1.97544			6
2026.02.16	00:02:09.171	1.96605	1.97356			6
2026.02.16	00:03:13.095	1.96612	1.97327			6
2026.02.16	00:03:53.019	1.96609	1.97298			6
2026.02.16	00:04:22.709	1.96465	1.97366			6
2026.02.16	00:04:24.592	1.96459	1.97363			6
2026.02.16	00:04:52.017	1.96674	1.97297			6
2026.02.16	00:04:54.281	1.96626	1.97278			6
2026.02.16	00:05:02.922	1.96626				2
2026.02.16	00:05:07.041	1.96573	1.97404			6
2026.02.16	00:06:46.928	1.96724	1.97024			6
2026.02.16	00:06:47.402	1.96736	1.97036			6
2026.02.16	00:06:47.948	1.96730	1.97030			6
2026.02.16	00:06:48.934	1.96736	1.97036			6
2026.02.16	00:06:49.439	1.96730	1.97030			6
2026.02.16	00:06:49.958	1.96724	1.97024			6
2026.02.16	00:06:50.427	1.96736	1.97036			6
2026.02.16	00:06:50.957	1.96730	1.97030			6
2026.02.16	00:07:30.088	1.96733	1.97033			6
2026.02.16	00:07:30.561	1.96730	1.97030			6
2026.02.16	00:07:31.099	1.96733	1.97033			6
2026.02.16	00:07:31.566	1.96730	1.97030			6
2026.02.16	00:07:32.098	1.96734	1.97034			6
2026.02.16	00:07:32.578	1.96730	1.97030			6
2026.02.16	00:07:33.555	1.96734	1.97034			6
2026.02.16	00:07:34.086	1.96730	1.97030			6
2026.02.16	00:08:13.720	1.96735	1.97035			6
2026.02.16	00:10:00.920	1.96773	1.97073			6
2026.02.16	00:10:04.163	1.96774	1.97074			6
2026.02.16	00:10:06.154	1.96773	1.97073			6
2026.02.16	00:10:12.633	1.96774	1.97074			6
2026.02.16	00:10:13.132	1.96773	1.97073			6
2026.02.16	00:10:14.352	1.96772	1.97072			6
2026.02.16	00:10:15.353	1.96773	1.97073			6
2026.02.16	00:10:17.434	1.96772	1.97072			6
2026.02.16	00:10:19.624	1.96773	1.97073			6
2026.02.16	00:10:19.773	1.96774	1.97074			6
2026.02.16	00:10:21.303	1.96773	1.97073			6
2026.02.16	00:10:23.028	1.96775	1.97075			6
2026.02.16	00:10:25.133	1.96774	1.97074			6
2026.02.16	00:10:27.101	1.96773	1.97073			6
2026.02.16	00:10:35.945	1.96774	1.97074			6
2026.02.16	00:10:49.358	1.96684	1.96884			6
2026.02.16	00:10:49.570	1.96686	1.96886			6
2026.02.16	00:10:49.780	1.96688	1.96888			6
2026.02.16	00:10:50.510		1.96859			4
2026.02.16	00:10:50.570	1.96662				2
2026.02.16	00:10:50.779	1.96660				2
2026.02.16	00:10:51.783	1.96654	1.96854			6
2026.02.16	00:10:53.371	1.96657	1.96857			6
2026.02.16	00:10:54.768	1.96656	1.96856			6
2026.02.16	00:10:55.194	1.96642	1.96842			6
2026.02.16	00:10:57.406	1.96674	1.96871			6
2026.02.16	00:10:57.967		1.96869			4
2026.02.16	00:10:58.114		1.96864			4
2026.02.16	00:10:58.205	1.96670				2
2026.02.16	00:10:58.806	1.96640	1.96840			6
2026.02.16	00:10:59.008	1.96642	1.96842			6
2026.02.16	00:11:00.597	1.96640	1.96840			6
2026.02.16	00:11:03.030	1.96622	1.96822			6
2026.02.16	00:11:03.209	1.96668	1.96865			6
2026.02.16	00:11:04.123		1.96866			4
2026.02.16	00:11:04.610	1.96672				2
2026.02.16	00:11:05.318		1.96867			4
2026.02.16	00:11:05.748		1.96872			4
2026.02.16	00:11:07.732		1.96870			4
2026.02.16	00:11:07.822	1.96668	1.96868			6
2026.02.16	00:11:10.219	1.96670	1.96870			6
2026.02.16	00:11:11.655	1.96666	1.96866			6
2026.02.16	00:11:12.255	1.96668	1.96868			6
2026.02.16	00:11:16.062	1.96672	1.96872			6
2026.02.16	00:11:16.517		1.96871			4
2026.02.16	00:11:17.330		1.96872			4
2026.02.16	00:11:17.876	1.96670	1.96870			6
2026.02.16	00:11:18.053	1.96672	1.96872			6
2026.02.16	00:11:18.221		1.96871			4
2026.02.16	00:11:18.252	1.96670	1.96870			6
2026.02.16	00:11:18.642	1.96672	1.96871			6
2026.02.16	00:11:20.691	1.96670	1.96870			6
2026.02.16	00:11:23.470	1.96668	1.96868			6
2026.02.16	00:11:24.281	1.96666	1.96866			6
2026.02.16	00:11:28.113	1.96662	1.96862			6
2026.02.16	00:11:28.507	1.96664	1.96864			6
2026.02.16	00:11:29.696	1.96662	1.96862			6
2026.02.16	00:11:30.116	1.96664	1.96864			6
2026.02.16	00:11:30.315	1.96659	1.96859			6
2026.02.16	00:11:30.515	1.96656	1.96856			6
2026.02.16	00:11:31.707	1.96654	1.96854			6
2026.02.16	00:11:33.328	1.96656	1.96856			6
2026.02.16	00:11:34.108	1.96654	1.96854			6
2026.02.16	00:11:39.327	1.96658	1.96858			6
2026.02.16	00:11:44.957	1.96660	1.96860			6
2026.02.16	00:11:45.356	1.96659	1.96859			6
2026.02.16	00:11:45.955	1.96660	1.96860			6
2026.02.16	00:11:47.143	1.96658	1.96858			6
2026.02.16	00:11:48.171	1.96656	1.96856			6
2026.02.16	00:11:50.551	1.96658	1.96858			6
2026.02.16	00:11:51.350	1.96660	1.96860			6
2026.02.16	00:11:52.171	1.96658	1.96858			6
2026.02.16	00:11:52.379	1.96660	1.96860			6
2026.02.16	00:11:53.364	1.96652	1.96852			6
2026.02.16	00:12:02.192	1.96650	1.96850			6
2026.02.16	00:12:02.603	1.96648	1.96848			6
2026.02.16	00:12:04.583	1.96644	1.96844			6
2026.02.16	00:12:06.195	1.96646	1.96846			6
2026.02.16	00:12:06.602	1.96650	1.96850			6
2026.02.16	00:12:08.233	1.96652	1.96852			6
2026.02.16	00:12:10.001	1.96648	1.96848			6
2026.02.16	00:12:10.614	1.96646	1.96846			6
2026.02.16	00:12:11.016	1.96658	1.96858			6
2026.02.16	00:12:14.220	1.96656	1.96856			6
2026.02.16	00:12:19.221		1.96847			4
2026.02.16	00:12:24.271	1.96560	1.96760			6
2026.02.16	00:12:25.056	1.96558	1.96758			6
2026.02.16	00:12:27.275	1.96560	1.96760			6
2026.02.16	00:12:28.877	1.96558	1.96758			6
2026.02.16	00:12:29.276	1.96560	1.96760			6
2026.02.16	00:12:29.897	1.96559	1.96759			6
2026.02.16	00:12:31.871	1.96560	1.96760			6
2026.02.16	00:12:32.691	1.96558	1.96758			6
2026.02.16	00:12:34.420	1.96577				2
2026.02.16	00:12:38.909	1.96644	1.96844			6
2026.02.16	00:12:42.321	1.96646	1.96846			6
2026.02.16	00:12:43.930	1.96644	1.96844			6
2026.02.16	00:12:45.752	1.96640	1.96840			6
2026.02.16	00:12:46.538	1.96644	1.96844			6
2026.02.16	00:12:47.758	1.96646	1.96846			6
2026.02.16	00:12:48.951	1.96644	1.96844			6
2026.02.16	00:12:58.787	1.96642	1.96842			6
2026.02.16	00:13:06.010	1.96644	1.96844			6
2026.02.16	00:13:08.229	1.96642	1.96842			6
2026.02.16	00:13:09.007	1.96638	1.96838			6
2026.02.16	00:13:14.235	1.96672	1.96872			6
2026.02.16	00:13:20.488	1.96588	1.96888			6
2026.02.16	00:13:23.032	1.96589	1.96889			6
2026.02.16	00:13:31.537	1.96769	1.97069			6
2026.02.16	00:13:34.571	1.96768	1.97068			6
2026.02.16	00:13:36.011	1.96769	1.97069			6
2026.02.16	00:13:41.093	1.96768	1.97068			6
2026.02.16	00:13:41.725	1.96767	1.97067			6
2026.02.16	00:13:42.845	1.96768	1.97068			6
2026.02.16	00:13:44.647	1.96767	1.97067			6
2026.02.16	00:13:49.121	1.96768	1.97068			6
2026.02.16	00:13:53.054	1.96767	1.97067			6
2026.02.16	00:13:55.131	1.96768	1.97068			6
2026.02.16	00:14:00.624	1.96767	1.97067			6
2026.02.16	00:14:05.331	1.96768	1.97068			6
2026.02.16	00:14:07.849	1.96767	1.97067			6
2026.02.16	00:14:11.972	1.96768	1.97068			6
2026.02.16	00:14:14.640	1.96767	1.97067			6
2026.02.16	00:14:16.761	1.96768	1.97068			6
2026.02.16	00:14:17.989	1.96767	1.97067			6
2026.02.16	00:14:23.911	1.96768	1.97068			6
2026.02.16	00:14:26.653	1.96767	1.97067			6
2026.02.16	00:14:37.466	1.96839	1.97139			6
2026.02.16	00:14:41.152	1.96840	1.97140			6
2026.02.16	00:14:50.752	1.96834	1.97134			6
2026.02.16	00:14:59.862	1.96835	1.97135			6
2026.02.16	00:15:01.751	1.96832	1.97132			6
2026.02.16	00:15:01.992	1.96839	1.97139			6
2026.02.16	00:15:02.596	1.96833	1.97133			6
2026.02.16	00:15:02.836	1.96836	1.97136			6
2026.02.16	00:15:02.955	1.96839	1.97139			6
2026.02.16	00:15:03.345	1.96826	1.97126			6
2026.02.16	00:15:03.436	1.96812	1.97112			6
2026.02.16	00:15:03.837	1.96811	1.97111			6
2026.02.16	00:15:03.956	1.96806	1.97106			6
2026.02.16	00:15:04.546	1.96822	1.97122			6
2026.02.16	00:15:05.740	1.96826	1.97126			6
2026.02.16	00:15:05.951	1.96811	1.97111			6
2026.02.16	00:15:07.226	1.96809	1.97109			6
2026.02.16	00:15:17.308	1.96808	1.97108			6
2026.02.16	00:15:29.320	1.96809	1.97109			6
2026.02.16	00:15:44.353	1.96700	1.97000			6
2026.02.16	00:15:51.180	1.96738	1.97038			6
2026.02.16	00:16:07.758	1.96737	1.97037			6
2026.02.16	00:17:06.623	1.96738	1.97038			6
2026.02.16	00:17:34.195	1.96717	1.97017			6
2026.02.16	00:17:39.550	1.96784	1.96984			6
2026.02.16	00:17:49.794	1.96782	1.96982			6
2026.02.16	00:17:51.387	1.96784	1.96984			6
2026.02.16	00:18:03.817	1.96782	1.96982			6
2026.02.16	00:18:07.448	1.96780	1.96980			6
2026.02.16	00:18:15.868	1.96782	1.96982			6
2026.02.16	00:18:17.683	1.96780	1.96980			6
2026.02.16	00:18:26.539	1.96778	1.96978			6
2026.02.16	00:18:29.741	1.96780	1.96980			6
2026.02.16	00:18:31.550	1.96778	1.96978			6
2026.02.16	00:18:32.963	1.96780	1.96980			6
2026.02.16	00:18:33.567	1.96778	1.96978			6
2026.02.16	00:18:40.379	1.96777	1.96977			6
2026.02.16	00:18:40.589	1.96776	1.96976			6
2026.02.16	00:18:46.627	1.96775	1.96975			6
2026.02.16	00:18:54.860	1.96776	1.96976			6
2026.02.16	00:18:57.490	1.96775	1.96975			6
2026.02.16	00:18:59.664	1.96774	1.96974			6
2026.02.16	00:19:10.319	1.96776	1.96976			6
2026.02.16	00:19:17.966	1.96774	1.96974			6
2026.02.16	00:19:22.156	1.96772	1.96972			6
2026.02.16	00:19:35.054	1.96774	1.96974			6
2026.02.16	00:19:38.641	1.96780	1.96980			6
2026.02.16	00:19:42.250	1.96782	1.96982			6
2026.02.16	00:19:45.280	1.96780	1.96980			6
2026.02.16	00:19:45.888	1.96778	1.96978			6
2026.02.16	00:19:46.085	1.96776	1.96976			6
2026.02.16	00:19:47.906	1.96778	1.96978			6
2026.02.16	00:20:01.720	1.96684	1.96984			6
2026.02.16	00:20:03.232	1.96683	1.96983			6
2026.02.16	00:20:32.042	1.96684	1.96984			6
2026.02.16	00:20:35.909	1.96806	1.97006			6
2026.02.16	00:20:40.119	1.96804	1.97004			6
2026.02.16	00:20:41.927	1.96806	1.97006			6
2026.02.16	00:20:44.131	1.96804	1.97004			6
2026.02.16	00:20:52.775	1.96802	1.97002			6
2026.02.16	00:20:54.775	1.96804	1.97004			6
2026.02.16	00:20:58.806	1.96801	1.97001			6
2026.02.16	00:20:59.428	1.96800	1.97000			6
2026.02.16	00:20:59.592	1.96802	1.97002			6
2026.02.16	00:21:02.435	1.96800	1.97000			6
2026.02.16	00:21:04.834	1.96802	1.97002			6
2026.02.16	00:21:06.452	1.96796	1.96996			6
2026.02.16	00:21:12.052	1.96798	1.96998			6
2026.02.16	00:21:30.154	1.96802	1.97002			6
2026.02.16	00:21:30.350	1.96798	1.96998			6
2026.02.16	00:21:30.940	1.96800	1.97000			6
2026.02.16	00:21:33.333	1.96798	1.96998			6
2026.02.16	00:21:35.958	1.96800	1.97000			6
2026.02.16	00:21:42.408	1.96788	1.96988			6
2026.02.16	00:21:42.605	1.96790	1.96990			6
2026.02.16	00:21:45.204	1.96792	1.96992			6
2026.02.16	00:21:47.418	1.96780	1.96980			6
2026.02.16	00:21:47.637	1.96778	1.96978			6
2026.02.16	00:21:48.031	1.96776	1.96976			6
2026.02.16	00:21:49.034	1.96779	1.96979			6
2026.02.16	00:21:50.031	1.96780	1.96980			6
2026.02.16	00:21:57.454	1.96776	1.96976			6
2026.02.16	00:21:58.053	1.96775	1.96975			6
2026.02.16	00:21:59.686	1.96776	1.96976			6
2026.02.16	00:22:02.694	1.96772	1.96972			6
2026.02.16	00:22:03.484	1.96774	1.96974			6
2026.02.16	00:22:05.107	1.96776	1.96976			6
2026.02.16	00:22:05.501	1.96778	1.96978			6
2026.02.16	00:22:05.890	1.96776	1.96976			6
2026.02.16	00:22:06.100	1.96778	1.96978			6
2026.02.16	00:22:06.303	1.96776	1.96976			6
2026.02.16	00:22:06.492	1.96778	1.96978			6
2026.02.16	00:22:06.691	1.96776	1.96976			6
2026.02.16	00:22:07.095	1.96778	1.96978			6
2026.02.16	00:22:07.923	1.96776	1.96976			6
2026.02.16	00:22:08.101	1.96778	1.96978			6
2026.02.16	00:22:08.699	1.96776	1.96976			6
2026.02.16	00:22:08.923	1.96778	1.96978			6
2026.02.16	00:22:09.105	1.96776	1.96976			6
2026.02.16	00:22:09.323	1.96778	1.96978			6
2026.02.16	00:22:09.534	1.96776	1.96976			6
2026.02.16	00:22:09.934	1.96778	1.96978			6
2026.02.16	00:22:10.332	1.96776	1.96976			6
2026.02.16	00:22:10.511	1.96778	1.96978			6
2026.02.16	00:22:10.713	1.96776	1.96976			6
2026.02.16	00:22:10.930	1.96778	1.96978			6
2026.02.16	00:22:11.141	1.96776	1.96976			6
2026.02.16	00:22:11.323	1.96778	1.96978			6
2026.02.16	00:22:11.534	1.96776	1.96976			6
2026.02.16	00:22:11.746	1.96778	1.96978			6
2026.02.16	00:22:11.926	1.96779	1.96979			6
2026.02.16	00:22:12.318	1.96778	1.96978			6
2026.02.16	00:22:12.742	1.96776	1.96976			6
2026.02.16	00:22:12.950	1.96778	1.96978			6
2026.02.16	00:22:13.546	1.96776	1.96976			6
2026.02.16	00:22:13.732	1.96778	1.96978			6
2026.02.16	00:22:13.928	1.96776	1.96976			6
2026.02.16	00:22:14.148	1.96778	1.96978			6
2026.02.16	00:22:14.330	1.96776	1.96976			6
2026.02.16	00:22:14.539	1.96778	1.96978			6
2026.02.16	00:22:14.748	1.96776	1.96976			6
2026.02.16	00:22:14.932	1.96778	1.96978			6
2026.02.16	00:22:15.141	1.96776	1.96976			6
2026.02.16	00:22:15.323	1.96778	1.96978			6
2026.02.16	00:22:15.563	1.96776	1.96976			6
2026.02.16	00:22:15.742	1.96778	1.96978			6
2026.02.16	00:22:16.141	1.96776	1.96976			6
2026.02.16	00:22:16.338	1.96778	1.96978			6
2026.02.16	00:22:16.547	1.96774	1.96974			6
2026.02.16	00:22:17.544	1.96776	1.96976			6
2026.02.16	00:22:17.928	1.96774	1.96974			6
2026.02.16	00:22:25.788	1.96772	1.96972			6
2026.02.16	00:22:26.163	1.96774	1.96974			6
2026.02.16	00:22:40.637	1.96778	1.96978			6
2026.02.16	00:22:41.037	1.96774	1.96974			6
2026.02.16	00:22:45.075	1.96778	1.96978			6
2026.02.16	00:22:45.674	1.96774	1.96974			6
2026.02.16	00:22:46.683	1.96772	1.96972			6
2026.02.16	00:22:48.292	1.96766	1.96966			6
2026.02.16	00:22:48.703	1.96768	1.96968			6
2026.02.16	00:22:48.824	1.96769				2
2026.02.16	00:22:48.890	1.96806	1.97006			6
2026.02.16	00:22:49.091	1.96810	1.97010			6
2026.02.16	00:22:49.274	1.96808	1.97008			6
2026.02.16	00:22:50.083	1.96806	1.97006			6
2026.02.16	00:22:54.094	1.96804	1.97004			6
2026.02.16	00:22:59.738	1.96810	1.97010			6
2026.02.16	00:23:01.143	1.96818	1.97018			6
2026.02.16	00:23:04.343	1.96813	1.97013			6
2026.02.16	00:23:04.933	1.96814	1.97014			6
2026.02.16	00:23:10.987	1.96812	1.97012			6
2026.02.16	00:23:11.379	1.96810	1.97010			6
2026.02.16	00:23:11.589	1.96814	1.97014			6
2026.02.16	00:23:11.990	1.96812	1.97012			6
2026.02.16	00:23:12.200	1.96810	1.97010			6
2026.02.16	00:23:12.380	1.96812	1.97012			6
2026.02.16	00:23:14.003	1.96810	1.97010			6
2026.02.16	00:23:14.393	1.96808	1.97008			6
2026.02.16	00:23:17.813	1.96812	1.97012			6
2026.02.16	00:23:18.806	1.96810	1.97010			6
2026.02.16	00:23:19.024	1.96811	1.97011			6
2026.02.16	00:23:19.235	1.96810	1.97010			6
2026.02.16	00:23:24.036	1.96834	1.97034			6
2026.02.16	00:23:24.250	1.96840	1.97040			6
2026.02.16	00:23:24.621	1.96838	1.97038			6
2026.02.16	00:23:25.439	1.96842	1.97042			6
2026.02.16	00:23:34.277	1.96844	1.97044			6
2026.02.16	00:23:36.089	1.96842	1.97042			6
2026.02.16	00:23:39.711	1.96844	1.97044			6
2026.02.16	00:23:41.312	1.96842	1.97042			6
2026.02.16	00:23:44.536	1.96846	1.97046			6
2026.02.16	00:23:46.129	1.96841	1.97041			6
2026.02.16	00:23:49.169	1.96842	1.97042			6
2026.02.16	00:23:49.349	1.96846	1.97046			6
2026.02.16	00:23:51.355	1.96843	1.97043			6
2026.02.16	00:23:53.359	1.96842	1.97042			6
2026.02.16	00:24:01.196	1.96844	1.97044			6
2026.02.16	00:24:04.380	1.96842	1.97042			6
2026.02.16	00:24:07.423	1.96848	1.97048			6
2026.02.16	00:24:10.224	1.96844	1.97044			6
2026.02.16	00:24:19.048	1.96846	1.97046			6
2026.02.16	00:24:19.235	1.96847	1.97047			6
2026.02.16	00:24:20.835	1.96848	1.97048			6
2026.02.16	00:24:22.852	1.96847	1.97047			6
2026.02.16	00:24:25.052	1.96846	1.97046			6
2026.02.16	00:24:27.065	1.96848	1.97048			6
2026.02.16	00:24:31.269	1.96847	1.97047			6
2026.02.16	00:24:32.472	1.96848	1.97048			6
2026.02.16	00:24:34.294	1.96850	1.97050			6
2026.02.16	00:24:36.495	1.96852	1.97052			6
2026.02.16	00:24:47.935	1.96850	1.97050			6
2026.02.16	00:24:54.544	1.96852	1.97052			6
2026.02.16	00:25:00.356	1.96850	1.97050			6
2026.02.16	00:25:00.748	1.96849	1.97049			6
2026.02.16	00:25:03.357	1.96848	1.97048			6
2026.02.16	00:25:04.359	1.96852	1.97052			6
2026.02.16	00:25:04.557	1.96850	1.97050			6
2026.02.16	00:25:16.006	1.96854	1.97054			6
2026.02.16	00:25:19.219	1.96852	1.97052			6
2026.02.16	00:25:19.429	1.96850	1.97050			6
2026.02.16	00:25:22.015	1.96849	1.97049			6
2026.02.16	00:25:25.027	1.96850	1.97050			6
2026.02.16	00:25:26.846	1.96848	1.97048			6
2026.02.16	00:25:28.046	1.96847	1.97047			6
2026.02.16	00:25:28.255	1.96848	1.97048			6
2026.02.16	00:25:31.461	1.96850	1.97050			6
2026.02.16	00:25:31.652	1.96852	1.97052			6
2026.02.16	00:25:34.259	1.96856	1.97056			6
2026.02.16	00:25:36.467	1.96854	1.97054			6
2026.02.16	00:25:37.875	1.96852	1.97052			6
2026.02.16	00:25:40.357	1.96863				2
2026.02.16	00:25:40.505	1.96870	1.97070			6
2026.02.16	00:25:41.498	1.96872	1.97072			6
2026.02.16	00:25:43.891	1.96876	1.97076			6
2026.02.16	00:25:47.917	1.96875	1.97075			6
2026.02.16	00:25:48.085	1.96874	1.97074			6
2026.02.16	00:25:53.915	1.96875	1.97075			6
2026.02.16	00:25:54.326	1.96872	1.97072			6
2026.02.16	00:26:01.756	1.96870	1.97070			6
2026.02.16	00:26:13.385	1.96872	1.97072			6
2026.02.16	00:26:22.842	1.96870	1.97070			6
2026.02.16	00:26:23.815	1.96872	1.97072			6
2026.02.16	00:26:26.037	1.96870	1.97070			6
2026.02.16	00:26:47.518	1.96868	1.97068			6
2026.02.16	00:26:47.713	1.96870	1.97070			6
2026.02.16	00:26:48.720	1.96872	1.97072			6
2026.02.16	00:26:56.153	1.96870	1.97070			6
2026.02.16	00:26:59.967	1.96872	1.97072			6
2026.02.16	00:27:07.385	1.96870	1.97070			6
2026.02.16	00:27:12.987	1.96872	1.97072			6
2026.02.16	00:27:36.278	1.96874	1.97074			6
2026.02.16	00:27:36.661	1.96876	1.97076			6
2026.02.16	00:27:41.476	1.96878	1.97078			6
2026.02.16	00:27:47.906	1.96880	1.97080			6
2026.02.16	00:27:59.557	1.96878	1.97078			6
2026.02.16	00:28:08.570	1.96880	1.97080			6
2026.02.16	00:28:09.982	1.96878	1.97078			6
2026.02.16	00:28:23.023	1.96880	1.97080			6
2026.02.16	00:28:25.624	1.96878	1.97078			6
2026.02.16	00:28:28.256	1.96880	1.97080			6
2026.02.16	00:28:31.264	1.96878	1.97078			6
2026.02.16	00:28:37.884	1.96880	1.97080			6
2026.02.16	00:28:42.478	1.96878	1.97078			6
2026.02.16	00:28:52.121	1.96876	1.97076			6
2026.02.16	00:28:53.708	1.96878	1.97078			6
2026.02.16	00:28:57.537	1.96876	1.97076			6
2026.02.16	00:29:03.562	1.96880	1.97080			6
2026.02.16	00:29:05.561	1.96878	1.97078			6
2026.02.16	00:29:10.371	1.96880	1.97080			6
2026.02.16	00:29:11.589	1.96876	1.97076			6
2026.02.16	00:29:11.780	1.96880	1.97080			6
2026.02.16	00:29:13.002	1.96878	1.97078			6
2026.02.16	00:29:15.791	1.96880	1.97080			6
2026.02.16	00:29:16.197	1.96876	1.97076			6
2026.02.16	00:29:20.001	1.96878	1.97078			6
2026.02.16	00:29:23.218	1.96880	1.97080			6
2026.02.16	00:29:33.045	1.96884	1.97084			6
2026.02.16	00:29:35.252	1.96877	1.97077			6
2026.02.16	00:29:35.448	1.96880	1.97080			6
2026.02.16	00:29:40.668	1.96882	1.97082			6
2026.02.16	00:29:43.880	1.96880	1.97080			6
2026.02.16	00:29:47.874	1.96882	1.97082			6
2026.02.16	00:29:50.088	1.96880	1.97080			6
2026.02.16	00:29:51.313	1.96884	1.97084			6
2026.02.16	00:29:52.302	1.96882	1.97082			6
2026.02.16	00:29:53.313	1.96884	1.97084			6
2026.02.16	00:30:03.733	1.96888	1.97088			6
2026.02.16	00:30:04.153	1.96886	1.97086			6
2026.02.16	00:30:07.536	1.96832	1.97016			6
2026.02.16	00:30:08.044		1.97014			4
2026.02.16	00:30:09.033		1.97012			4
2026.02.16	00:30:09.754		1.97011			4
2026.02.16	00:30:10.711		1.97008			4
2026.02.16	00:30:11.034		1.97007			4
2026.02.16	00:30:11.348	1.96834				2
2026.02.16	00:30:12.375	1.96830	1.97006			6
2026.02.16	00:30:14.180	1.96828				2
2026.02.16	00:30:14.731		1.97005			4
2026.02.16	00:30:14.962	1.96830				2
2026.02.16	00:30:15.222		1.97004			4
2026.02.16	00:30:15.839		1.97003			4
2026.02.16	00:30:16.978	1.96820				2
2026.02.16	00:30:17.008		1.97020			4
2026.02.16	00:30:17.193	1.96856	1.97056			6
2026.02.16	00:30:18.194	1.96858	1.97058			6
2026.02.16	00:30:18.798	1.96850	1.97050			6
2026.02.16	00:30:21.995	1.96852	1.97052			6
2026.02.16	00:30:23.022	1.96850	1.97050			6
2026.02.16	00:30:25.202	1.96852	1.97052			6
2026.02.16	00:30:28.233	1.96856	1.97056			6
2026.02.16	00:30:29.222	1.96854	1.97054			6
2026.02.16	00:30:41.854	1.96852	1.97052			6
2026.02.16	00:30:44.063	1.96850	1.97050			6
2026.02.16	00:30:45.872	1.96848	1.97048			6
2026.02.16	00:31:03.526	1.96847	1.97047			6
2026.02.16	00:31:04.732	1.96846	1.97046			6
2026.02.16	00:31:06.143	1.96848	1.97048			6
2026.02.16	00:31:15.156	1.96846	1.97046			6
2026.02.16	00:31:15.957	1.96848	1.97048			6
2026.02.16	00:31:16.974	1.96842	1.97042			6
2026.02.16	00:31:29.211	1.96840	1.97040			6
2026.02.16	00:31:31.612	1.96838	1.97038			6
2026.02.16	00:31:42.042	1.96840	1.97040			6
2026.02.16	00:31:42.228	1.96838	1.97038			6
2026.02.16	00:31:52.094	1.96836	1.97036			6
2026.02.16	00:31:54.477	1.96837	1.97037			6
2026.02.16	00:31:55.079	1.96836	1.97036			6
2026.02.16	00:31:59.115	1.96842	1.97042			6
2026.02.16	00:31:59.295	1.96840	1.97040			6
2026.02.16	00:32:01.113	1.96838	1.97038			6
2026.02.16	00:32:13.348	1.96840	1.97040			6
2026.02.16	00:32:20.173	1.96838	1.97038			6
2026.02.16	00:32:20.965	1.96840	1.97040			6
2026.02.16	00:32:23.185	1.96838	1.97038			6
2026.02.16	00:32:29.802	1.96836	1.97036			6
2026.02.16	00:32:36.014	1.96834	1.97034			6
2026.02.16	00:32:38.617	1.96836	1.97036			6
2026.02.16	00:32:42.451	1.96842	1.97042			6
2026.02.16	00:32:45.265	1.96840	1.97040			6
2026.02.16	00:32:46.457	1.96842	1.97042			6
2026.02.16	00:32:50.252	1.96838	1.97038			6
2026.02.16	00:33:12.751	1.96842	1.97042			6
2026.02.16	00:33:12.920	1.96840	1.97040			6
2026.02.16	00:33:14.340	1.96842	1.97042			6
2026.02.16	00:33:15.338	1.96840	1.97040			6
2026.02.16	00:33:17.161	1.96844	1.97044			6
2026.02.16	00:33:32.013	1.96842	1.97042			6
2026.02.16	00:33:49.466	1.96840	1.97040			6
2026.02.16	00:33:51.657	1.96842	1.97042			6
2026.02.16	00:34:36.004	1.96840	1.97040			6
2026.02.16	00:34:39.611	1.96842	1.97042			6
2026.02.16	00:34:59.676	1.96840	1.97040			6
2026.02.16	00:35:01.087	1.96838	1.97038			6
2026.02.16	00:35:02.694	1.96840	1.97040			6
2026.02.16	00:35:04.094	1.96842	1.97042			6
2026.02.16	00:35:05.287	1.96840	1.97040			6
2026.02.16	00:35:05.699	1.96842	1.97042			6
2026.02.16	00:35:08.101	1.96840	1.97040			6
2026.02.16	00:35:08.911	1.96842	1.97042			6
2026.02.16	00:35:13.505	1.96841	1.97041			6
2026.02.16	00:35:14.733	1.96840	1.97040			6
2026.02.16	00:35:14.928	1.96841	1.97041			6
2026.02.16	00:35:20.749	1.96840	1.97040			6
2026.02.16	00:35:34.817	1.96842	1.97042			6
2026.02.16	00:35:43.829	1.96840	1.97040			6
2026.02.16	00:35:47.047	1.96842	1.97042			6
2026.02.16	00:35:48.259	1.96840	1.97040			6
2026.02.16	00:36:01.887	1.96838	1.97038			6
2026.02.16	00:36:06.101	1.96836	1.97036			6
2026.02.16	00:36:06.894	1.96838	1.97038			6
2026.02.16	00:36:12.719	1.96844	1.97044			6
2026.02.16	00:36:12.928	1.96846	1.97046			6
2026.02.16	00:36:13.129	1.96844	1.97044			6
2026.02.16	00:36:14.129	1.96842	1.97042			6
2026.02.16	00:36:15.136	1.96840	1.97040			6
2026.02.16	00:36:16.149	1.96844	1.97044			6
2026.02.16	00:36:16.730	1.96846	1.97046			6
2026.02.16	00:36:27.763	1.96847	1.97047			6
2026.02.16	00:36:27.945	1.96842	1.97042			6
2026.02.16	00:36:29.752	1.96844	1.97044			6
2026.02.16	00:36:29.969	1.96850	1.97050			6
2026.02.16	00:36:30.974	1.96848	1.97048			6
2026.02.16	00:36:37.182	1.96846	1.97046			6
2026.02.16	00:36:40.188	1.96848	1.97048			6
2026.02.16	00:36:43.190	1.96849	1.97049			6
2026.02.16	00:36:45.408	1.96852	1.97052			6
2026.02.16	00:36:46.622	1.96850	1.97050			6
2026.02.16	00:36:46.803	1.96846	1.97046			6
2026.02.16	00:36:49.232	1.96848	1.97048			6
2026.02.16	00:36:51.234	1.96849	1.97049			6
2026.02.16	00:36:54.216	1.96848	1.97048			6
2026.02.16	00:36:55.230	1.96849	1.97049			6
2026.02.16	00:36:57.053	1.96848	1.97048			6
2026.02.16	00:36:57.232	1.96849	1.97049			6
2026.02.16	00:36:58.057	1.96846	1.97046			6
2026.02.16	00:37:00.063	1.96852	1.97052			6
2026.02.16	00:37:00.645	1.96850	1.97050			6
2026.02.16	00:37:01.446	1.96852	1.97052			6
2026.02.16	00:37:03.256	1.96848	1.97048			6
2026.02.16	00:37:03.448	1.96846	1.97046			6
2026.02.16	00:37:04.075	1.96848	1.97048			6
2026.02.16	00:37:05.081	1.96850	1.97050			6
2026.02.16	00:37:05.262	1.96848	1.97048			6
2026.02.16	00:37:06.065	1.96850	1.97050			6
2026.02.16	00:37:07.078	1.96846	1.97046			6
2026.02.16	00:37:09.096	1.96844	1.97044			6
2026.02.16	00:37:13.099	1.96846	1.97046			6
2026.02.16	00:37:15.304	1.96842	1.97042			6
2026.02.16	00:37:15.516	1.96843	1.97043			6
2026.02.16	00:37:16.301	1.96844	1.97044			6
2026.02.16	00:37:16.718	1.96842	1.97042			6
2026.02.16	00:37:19.726	1.96834	1.97034			6
2026.02.16	00:37:23.726	1.96836	1.97036			6
2026.02.16	00:37:25.544	1.96834	1.97034			6
2026.02.16	00:37:29.593	1.96918	1.97088			6
2026.02.16	00:37:29.683	1.96917				2
2026.02.16	00:37:29.743		1.97096			4
2026.02.16	00:37:30.164		1.97097			4
2026.02.16	00:37:30.344		1.97098			4
2026.02.16	00:37:30.404	1.96916				2
2026.02.16	00:37:30.555		1.97097			4
2026.02.16	00:37:30.638	1.96917				2
2026.02.16	00:37:31.150		1.97098			4
2026.02.16	00:37:31.733	1.96918				2
2026.02.16	00:37:32.364		1.97097			4
2026.02.16	00:37:32.972		1.97098			4
2026.02.16	00:37:40.968	1.96919				2
2026.02.16	00:37:40.998		1.97100			4
2026.02.16	00:37:42.777		1.97098			4
2026.02.16	00:37:45.589		1.97100			4
2026.02.16	00:37:46.754	1.96918				2
2026.02.16	00:37:48.186	1.96917				2
2026.02.16	00:37:48.215		1.97096			4
2026.02.16	00:37:53.421		1.97095			4
2026.02.16	00:37:55.418		1.97096			4
2026.02.16	00:37:59.095	1.96918				2
2026.02.16	00:37:59.244		1.97098			4
2026.02.16	00:38:01.634	1.96918	1.97096			6
2026.02.16	00:38:03.229	1.96917				2
2026.02.16	00:38:03.444		1.97095			4
2026.02.16	00:38:03.850	1.96919				2
2026.02.16	00:38:04.839	1.96916	1.97116			6
2026.02.16	00:38:05.053	1.96914	1.97114			6
2026.02.16	00:38:09.471	1.96916	1.97116			6
2026.02.16	00:38:10.056	1.96918	1.97118			6
2026.02.16	00:38:14.655	1.96916	1.97116			6
2026.02.16	00:38:15.890	1.96918	1.97118			6
2026.02.16	00:38:17.070	1.96920	1.97120			6
2026.02.16	00:38:17.469	1.96918	1.97118			6
2026.02.16	00:38:19.064	1.96920				2
2026.02.16	00:38:19.276		1.97119			4
2026.02.16	00:38:19.567	1.96919				2
2026.02.16	00:38:19.687	1.96918	1.97118			6
2026.02.16	00:38:19.967	1.96921				2
2026.02.16	00:38:20.088		1.97120			4
2026.02.16	00:38:21.071	1.96922	1.97122			6
2026.02.16	00:38:27.712	1.96920	1.97116			6
2026.02.16	00:38:29.698		1.97118			4
2026.02.16	00:38:29.758	1.96918				2
2026.02.16	00:38:30.238	1.96919				2
2026.02.16	00:38:30.898	1.96920	1.97120			6
2026.02.16	00:38:40.354		1.97118			4
2026.02.16	00:38:44.748	1.96919				2
2026.02.16	00:38:48.291	1.96918				2
2026.02.16	00:38:48.382		1.97116			4
2026.02.16	00:38:49.385		1.97118			4
2026.02.16	00:38:50.295	1.96919				2
2026.02.16	00:38:50.978		1.97116			4
2026.02.16	00:38:53.957	1.96920				2
2026.02.16	00:38:57.349	1.96919				2
2026.02.16	00:38:59.675	1.96922				2
2026.02.16	00:38:59.795		1.97118			4
2026.02.16	00:39:00.004	1.96922	1.97116			6
2026.02.16	00:39:00.434	1.96921				2
2026.02.16	00:39:00.919	1.96922				2
2026.02.16	00:39:03.217	1.96924				2
2026.02.16	00:39:04.016		1.97118			4
2026.02.16	00:39:11.630		1.97120			4
2026.02.16	00:39:12.443		1.97119			4
2026.02.16	00:39:12.847		1.97120			4
2026.02.16	00:39:13.357	1.96922				2
2026.02.16	00:39:13.456		1.97116			4
2026.02.16	00:39:13.985	1.96921				2
2026.02.16	00:39:14.045		1.97114			4
2026.02.16	00:39:14.166	1.96920				2
2026.02.16	00:39:14.858		1.97116			4
2026.02.16	00:39:16.057		1.97114			4
2026.02.16	00:39:19.220	1.96921				2
2026.02.16	00:39:20.058	1.96922				2
2026.02.16	00:39:20.269	1.96921	1.97112			6
2026.02.16	00:39:21.057		1.97110			4
2026.02.16	00:39:29.689		1.97116			4
2026.02.16	00:39:36.723		1.97118			4
2026.02.16	00:39:37.491	1.96918				2
2026.02.16	00:39:37.568	1.96921				2
2026.02.16	00:39:37.990	1.96920				2
2026.02.16	00:39:38.520	1.96918				2
2026.02.16	00:39:39.138	1.96916	1.97116			6
2026.02.16	00:39:42.338	1.96913	1.97113			6
2026.02.16	00:39:42.734	1.96914	1.97114			6
2026.02.16	00:39:43.437	1.96915				2
2026.02.16	00:39:43.528		1.97112			4
2026.02.16	00:39:44.737	1.96916	1.97116			6
2026.02.16	00:39:45.200	1.96923				2
2026.02.16	00:39:46.247	1.96922				2
2026.02.16	00:39:47.039	1.96923				2
2026.02.16	00:39:48.558		1.97114			4
2026.02.16	00:39:53.168		1.97116			4
2026.02.16	00:39:53.228	1.96925				2
2026.02.16	00:39:56.945	1.96926				2
2026.02.16	00:39:56.976		1.97112			4
2026.02.16	00:39:57.049	1.96921				2
2026.02.16	00:39:57.977	1.96922	1.97114			6
2026.02.16	00:40:00.209	1.96923				2
2026.02.16	00:40:00.530	1.96914				2
2026.02.16	00:40:01.001	1.96912	1.97112			6
2026.02.16	00:40:01.540	1.96922				2
2026.02.16	00:40:01.659	1.96924				2
2026.02.16	00:40:01.779	1.96912				2
2026.02.16	00:40:02.019	1.96910	1.97110			6
2026.02.16	00:40:03.603	1.96912	1.97112			6
2026.02.16	00:40:03.633	1.96924				2
2026.02.16	00:40:03.812		1.97110			4
2026.02.16	00:40:03.993		1.97112			4
2026.02.16	00:40:04.053	1.96912				2
2026.02.16	00:40:04.220	1.96910	1.97110			6
2026.02.16	00:40:05.406	1.96912	1.97112			6
2026.02.16	00:40:05.436	1.96924				2
2026.02.16	00:40:05.807		1.97110			4
2026.02.16	00:40:06.060	1.96910				2
2026.02.16	00:40:06.423	1.96912	1.97112			6
2026.02.16	00:40:07.012	1.96923				2
2026.02.16	00:40:07.236	1.96924	1.97114			6
2026.02.16	00:40:07.325	1.96923				2
2026.02.16	00:40:07.416		1.97112			4
2026.02.16	00:40:07.571	1.96912				2
2026.02.16	00:40:09.427	1.96914	1.97114			6
2026.02.16	00:40:12.338	1.96924				2
2026.02.16	00:40:14.749	1.96926				2
2026.02.16	00:40:14.853		1.97116			4
2026.02.16	00:40:16.849		1.97114			4
2026.02.16	00:40:17.445		1.97112			4
2026.02.16	00:40:18.477	1.96916				2
2026.02.16	00:40:20.440	1.96915				2
2026.02.16	00:40:26.030	1.96914				2
2026.02.16	00:40:27.745	1.96932				2
2026.02.16	00:40:27.867	1.96934	1.97134			6
2026.02.16	00:40:28.077	1.96936	1.97136			6
2026.02.16	00:40:28.276	1.96938	1.97138			6
2026.02.16	00:40:28.469	1.96933	1.97114			6
2026.02.16	00:40:28.729	1.96920				2
2026.02.16	00:40:28.887		1.97112			4
2026.02.16	00:40:29.696		1.97114			4
2026.02.16	00:40:29.727	1.96918				2
2026.02.16	00:40:30.219	1.96931				2
2026.02.16	00:40:32.615	1.96924				2
2026.02.16	00:40:32.890		1.97117			4
2026.02.16	00:40:32.918	1.96926				2
2026.02.16	00:40:33.099		1.97116			4
2026.02.16	00:40:34.096		1.97115			4
2026.02.16	00:40:38.505		1.97114			4
2026.02.16	00:40:40.979	1.96925				2
2026.02.16	00:40:42.125		1.97116			4
2026.02.16	00:40:42.519	1.96931	1.97115			6
2026.02.16	00:40:44.734		1.97116			4
2026.02.16	00:40:45.528	1.96916				2
2026.02.16	00:40:46.050	1.96920				2
2026.02.16	00:40:47.525	1.96916				2
2026.02.16	00:40:47.554	1.96908	1.97108			6
2026.02.16	00:40:47.711	1.96912	1.97112			6
2026.02.16	00:40:47.954	1.96910	1.97110			6
2026.02.16	00:40:48.127	1.96914	1.97114			6
2026.02.16	00:40:52.958	1.96912	1.97112			6
2026.02.16	00:40:57.974	1.96916	1.97116			6
2026.02.16	00:40:58.187	1.96914	1.97114			6
2026.02.16	00:41:03.187	1.96916	1.97116			6
2026.02.16	00:41:03.394	1.96913	1.97112			6
2026.02.16	00:41:04.205	1.96888	1.97088			6
2026.02.16	00:41:04.325	1.96911				2
2026.02.16	00:41:04.385	1.96918	1.97118			6
2026.02.16	00:41:04.737	1.96930				2
2026.02.16	00:41:05.697	1.96928				2
2026.02.16	00:41:05.807		1.97116			4
2026.02.16	00:41:07.416		1.97118			4
2026.02.16	00:41:08.640	1.96929				2
2026.02.16	00:41:19.740	1.96930				2
2026.02.16	00:41:23.055		1.97114			4
2026.02.16	00:41:28.406	1.96929				2
2026.02.16	00:41:28.466		1.97112			4
2026.02.16	00:41:33.702	1.96926				2
2026.02.16	00:41:38.087		1.97110			4
2026.02.16	00:41:45.391	1.96925				2
2026.02.16	00:41:45.935		1.97108			4
2026.02.16	00:41:53.312	1.96908				2
2026.02.16	00:41:53.342	1.96886	1.97086			6
2026.02.16	00:41:53.462	1.96927				2
2026.02.16	00:42:00.576	1.96924	1.97115			6
2026.02.16	00:42:00.766		1.97116			4
2026.02.16	00:42:00.945	1.96926				2
2026.02.16	00:42:01.035	1.96923				2
2026.02.16	00:42:01.167		1.97115			4
2026.02.16	00:42:02.667	1.96922				2
2026.02.16	00:42:02.788		1.97116			4
2026.02.16	00:42:06.513	1.96916				2
2026.02.16	00:42:07.993	1.96917	1.97117			6
2026.02.16	00:42:09.010	1.96922	1.97118			6
2026.02.16	00:42:09.417		1.97114			4
2026.02.16	00:42:09.448	1.96923				2
2026.02.16	00:42:09.849	1.96921				2
2026.02.16	00:42:09.970	1.96922				2
2026.02.16	00:42:10.002		1.97116			4
2026.02.16	00:42:10.423		1.97114			4
2026.02.16	00:42:10.937	1.96920				2
2026.02.16	00:42:11.994	1.96921				2
2026.02.16	00:42:13.455	1.96920				2
2026.02.16	00:42:14.013	1.96933	1.97133			6
2026.02.16	00:42:14.219	1.96934	1.97134			6
2026.02.16	00:42:15.223	1.96932	1.97132			6
2026.02.16	00:42:15.843	1.96886	1.97086			6
2026.02.16	00:42:17.768	1.96920				2
2026.02.16	00:42:17.829	1.96934	1.97134			6
2026.02.16	00:42:18.833	1.96932	1.97132			6
2026.02.16	00:42:19.249	1.96936	1.97136			6
2026.02.16	00:42:20.459	1.96928	1.97128			6
2026.02.16	00:42:20.642	1.96930	1.97130			6
2026.02.16	00:42:21.656	1.96932	1.97132			6
2026.02.16	00:42:25.467	1.96936	1.97136			6
2026.02.16	00:42:31.269	1.96908	1.97108			6
2026.02.16	00:42:31.476	1.96910	1.97110			6
2026.02.16	00:42:31.686	1.96909	1.97109			6
2026.02.16	00:42:32.873	1.96910	1.97110			6
2026.02.16	00:42:34.494	1.96909	1.97109			6
2026.02.16	00:42:35.690	1.96930	1.97130			6
2026.02.16	00:42:35.903	1.96942	1.97142			6
2026.02.16	00:42:36.104	1.96936	1.97136			6
2026.02.16	00:42:40.119	1.96932	1.97132			6
2026.02.16	00:42:45.135	1.96930	1.97130			6
2026.02.16	00:42:46.937	1.96928	1.97128			6
2026.02.16	00:42:49.935	1.96926	1.97126			6
2026.02.16	00:42:52.342	1.96938	1.97138			6
2026.02.16	00:43:00.179	1.96940	1.97140			6
2026.02.16	00:43:00.418		1.97138			4
2026.02.16	00:43:00.539		1.97140			4
2026.02.16	00:43:00.599	1.96934	1.97134			6
2026.02.16	00:43:00.763	1.96932	1.97132			6
2026.02.16	00:43:02.382	1.96934	1.97134			6
2026.02.16	00:43:06.214	1.96932	1.97132			6
2026.02.16	00:43:09.823	1.96942	1.97142			6
2026.02.16	00:43:10.827	1.96940	1.97140			6
2026.02.16	00:43:13.820	1.96938	1.97138			6
2026.02.16	00:43:15.648	1.96936	1.97136			6
2026.02.16	00:43:26.683	1.96940	1.97140			6
2026.02.16	00:43:27.263	1.96938	1.97138			6
2026.02.16	00:43:28.670	1.96936	1.97136			6
2026.02.16	00:43:29.290	1.96935	1.97135			6
2026.02.16	00:43:30.696	1.96932	1.97132			6
2026.02.16	00:43:30.886	1.96930	1.97130			6
2026.02.16	00:43:44.532	1.96932	1.97132			6
2026.02.16	00:43:46.944	1.96912	1.97112			6
2026.02.16	00:43:57.112		1.97100			4
2026.02.16	00:43:57.172	1.96924				2
2026.02.16	00:43:57.371	1.96914				2
2026.02.16	00:43:57.560	1.96916				2
2026.02.16	00:43:57.991		1.97107			4
2026.02.16	00:43:58.191	1.96912				2
2026.02.16	00:43:59.590	1.96914				2
2026.02.16	00:43:59.780	1.96910				2
2026.02.16	00:43:59.937		1.97110			4
2026.02.16	00:44:00.439	1.96910	1.97106			6
2026.02.16	00:44:02.609	1.96912				2
2026.02.16	00:44:04.340		1.97111			4
2026.02.16	00:44:04.401	1.96914				2
2026.02.16	00:44:06.194	1.96912				2
2026.02.16	00:44:08.401	1.96910	1.97110			6
2026.02.16	00:44:08.940		1.97098			4
2026.02.16	00:44:09.029	1.96864	1.97064			6
2026.02.16	00:44:09.212	1.96896	1.97096			6
2026.02.16	00:44:09.605	1.96894	1.97094			6
2026.02.16	00:44:14.639	1.96896	1.97096			6
2026.02.16	00:44:16.020	1.96892	1.97092			6
2026.02.16	00:44:16.623	1.96890	1.97090			6
2026.02.16	00:44:17.446	1.96892	1.97092			6
2026.02.16	00:44:18.660	1.96890	1.97090			6
2026.02.16	00:44:22.263	1.96888	1.97088			6
2026.02.16	00:44:22.860	1.96890	1.97090			6
2026.02.16	00:44:23.873	1.96889	1.97089			6
2026.02.16	00:44:24.051	1.96874	1.97074			6
2026.02.16	00:44:24.263	1.96878	1.97078			6
2026.02.16	00:44:25.857	1.96876	1.97076			6
2026.02.16	00:44:30.896	1.96870	1.97070			6
2026.02.16	00:44:33.683	1.96868	1.97068			6
2026.02.16	00:44:34.500	1.96870	1.97070			6
2026.02.16	00:44:37.688	1.96868	1.97068			6
2026.02.16	00:44:38.914	1.96870	1.97070			6
2026.02.16	00:44:39.503	1.96868	1.97068			6
2026.02.16	00:44:44.316	1.96870	1.97070			6
2026.02.16	00:44:44.723	1.96868	1.97068			6
2026.02.16	00:44:45.723	1.96866	1.97066			6
2026.02.16	00:44:47.331	1.96864	1.97064			6
2026.02.16	00:44:59.372	1.96866	1.97066			6
2026.02.16	00:44:59.563	1.96864	1.97064			6
2026.02.16	00:45:02.573	1.96862	1.97062			6
2026.02.16	00:45:03.593		1.97060			4
2026.02.16	00:45:06.812	1.96864				2
2026.02.16	00:45:06.961		1.97064			4
2026.02.16	00:45:07.201	1.96862	1.97062			6
2026.02.16	00:45:13.632	1.96860	1.97060			6
2026.02.16	00:45:16.813	1.96862	1.97062			6
2026.02.16	00:45:18.035	1.96860	1.97060			6
2026.02.16	00:45:20.622	1.96862	1.97062			6
2026.02.16	00:45:22.453	1.96860	1.97060			6
2026.02.16	00:45:24.242	1.96862	1.97062			6
2026.02.16	00:45:25.435	1.96860	1.97060			6
2026.02.16	00:45:28.877	1.96858	1.97058			6
2026.02.16	00:45:30.267	1.96862	1.97062			6
2026.02.16	00:45:35.492	1.96886	1.97086			6
2026.02.16	00:45:35.673	1.96878	1.97078			6
2026.02.16	00:45:38.094	1.96877	1.97077			6
2026.02.16	00:45:38.290	1.96878	1.97078			6
2026.02.16	00:45:39.900	1.96876	1.97076			6
2026.02.16	00:45:41.293	1.96874	1.97074			6
2026.02.16	00:45:41.502	1.96872	1.97072			6
2026.02.16	00:45:42.502	1.96864	1.97064			6
2026.02.16	00:45:47.691		1.97056			4
2026.02.16	00:45:47.916	1.96852	1.97052			6
2026.02.16	00:45:48.533	1.96854	1.97054			6
2026.02.16	00:45:48.714	1.96852	1.97052			6
2026.02.16	00:45:49.122	1.96850	1.97050			6
2026.02.16	00:45:51.308	1.96852	1.97052			6
2026.02.16	00:45:54.733	1.96853	1.97053			6
2026.02.16	00:45:55.128	1.96852	1.97052			6
2026.02.16	00:45:56.319	1.96850	1.97050			6
2026.02.16	00:45:56.552	1.96846	1.97046			6
2026.02.16	00:45:56.734	1.96854	1.97049			6
2026.02.16	00:45:56.793		1.97054			4
2026.02.16	00:45:57.332	1.96864	1.97064			6
2026.02.16	00:45:57.732	1.96866	1.97066			6
2026.02.16	00:45:57.952	1.96868	1.97068			6
2026.02.16	00:45:58.937	1.96866	1.97066			6
2026.02.16	00:46:02.554	1.96864	1.97064			6
2026.02.16	00:46:03.332	1.96866	1.97066			6
2026.02.16	00:46:04.361	1.96864	1.97064			6
2026.02.16	00:46:05.753	1.96862	1.97062			6
2026.02.16	00:46:08.137	1.96864	1.97064			6
2026.02.16	00:46:12.775	1.96866	1.97066			6
2026.02.16	00:46:21.198	1.96864	1.97064			6
2026.02.16	00:46:22.818	1.96868	1.97068			6
2026.02.16	00:46:28.832	1.96866	1.97066			6
2026.02.16	00:46:30.815	1.96864	1.97064			6
2026.02.16	00:46:34.233	1.96866	1.97066			6
2026.02.16	00:46:35.657	1.96862	1.97062			6
2026.02.16	00:46:36.047	1.96860	1.97060			6
2026.02.16	00:46:36.842	1.96858	1.97058			6
2026.02.16	00:46:37.052	1.96850	1.97050			6
2026.02.16	00:46:38.863	1.96848	1.97048			6
2026.02.16	00:46:41.052	1.96846	1.97046			6
2026.02.16	00:46:46.293	1.96848	1.97048			6
2026.02.16	00:46:46.871	1.96846	1.97046			6
2026.02.16	00:46:47.080	1.96836	1.97036			6
2026.02.16	00:46:51.905	1.96839	1.97039			6
2026.02.16	00:46:52.912	1.96838	1.97038			6
2026.02.16	00:46:53.692	1.96836	1.97036			6
2026.02.16	00:46:54.509	1.96834	1.97034			6
2026.02.16	00:46:55.543		1.97011			4
2026.02.16	00:46:55.704	1.96823				2
2026.02.16	00:46:57.717	1.96834	1.97034			6
2026.02.16	00:46:57.928	1.96842	1.97042			6
2026.02.16	00:47:03.152	1.96854	1.97054			6
2026.02.16	00:47:03.551	1.96856	1.97056			6
2026.02.16	00:47:13.181	1.96852	1.97052			6
2026.02.16	00:47:13.362	1.96858	1.97058			6
2026.02.16	00:47:13.766	1.96856	1.97056			6
2026.02.16	00:47:18.614	1.96857	1.97057			6
2026.02.16	00:47:19.791	1.96858	1.97058			6
2026.02.16	00:47:24.630	1.96804	1.97004			6
2026.02.16	00:47:27.040	1.96806	1.97006			6
2026.02.16	00:47:28.231	1.96804	1.97004			6
2026.02.16	00:47:29.022	1.96802	1.97002			6
2026.02.16	00:47:33.061	1.96806	1.97006			6
2026.02.16	00:47:34.635	1.96804	1.97004			6
2026.02.16	00:47:35.866	1.96806	1.97006			6
2026.02.16	00:47:38.869	1.96804	1.97004			6
2026.02.16	00:47:43.278	1.96802	1.97002			6
2026.02.16	00:47:48.102	1.96800	1.97000			6
2026.02.16	00:47:48.687	1.96802	1.97002			6
2026.02.16	00:47:50.098	1.96806	1.97006			6
2026.02.16	00:47:54.114	1.96767	1.96967			6
2026.02.16	00:47:55.110	1.96763	1.96963			6
2026.02.16	00:47:55.712	1.96767	1.96967			6
2026.02.16	00:47:57.932	1.96763	1.96963			6
2026.02.16	00:47:58.915	1.96764	1.96964			6
2026.02.16	00:48:00.332	1.96767	1.96967			6
2026.02.16	00:48:01.952		1.96953			4
2026.02.16	00:48:02.735	1.96763				2
2026.02.16	00:48:03.472		1.96960			4
2026.02.16	00:48:03.532	1.96764				2
2026.02.16	00:48:05.891		1.96955			4
2026.02.16	00:48:09.152	1.96767				2
2026.02.16	00:48:09.833		1.96967			4
2026.02.16	00:48:13.793	1.96764	1.96964			6
2026.02.16	00:48:15.182	1.96767	1.96967			6
2026.02.16	00:48:15.398	1.96766	1.96966			6
2026.02.16	00:48:16.192	1.96764	1.96964			6
2026.02.16	00:48:17.191	1.96766	1.96966			6
2026.02.16	00:48:17.593	1.96773	1.96973			6
2026.02.16	00:48:17.782	1.96765	1.96965			6
2026.02.16	00:48:17.993	1.96763	1.96963			6
2026.02.16	00:48:18.777	1.96765	1.96965			6
2026.02.16	00:48:19.001	1.96766	1.96966			6
2026.02.16	00:48:23.813	1.96765	1.96965			6
2026.02.16	00:48:28.231	1.96761	1.96961			6
2026.02.16	00:48:28.830	1.96765	1.96965			6
2026.02.16	00:48:32.651	1.96791	1.96974			6
2026.02.16	00:48:32.846	1.96755	1.96955			6
2026.02.16	00:48:33.660	1.96756	1.96956			6
2026.02.16	00:48:38.455	1.96736	1.96929			6
2026.02.16	00:48:39.373		1.96927			4
2026.02.16	00:48:39.478	1.96737				2
2026.02.16	00:48:40.071	1.96738				2
2026.02.16	00:48:40.770		1.96930			4
2026.02.16	00:48:40.851	1.96736				2
2026.02.16	00:48:42.271		1.96929			4
2026.02.16	00:48:43.885	1.96735				2
2026.02.16	00:48:45.472	1.96734				2
2026.02.16	00:48:46.230		1.96927			4
2026.02.16	00:48:46.290	1.96737				2
2026.02.16	00:48:50.074	1.96734				2
2026.02.16	00:48:59.703		1.96925			4
2026.02.16	00:48:59.833		1.96927			4
2026.02.16	00:49:02.251	1.96734	1.96934			6
2026.02.16	00:49:02.319	1.96750	1.96950			6
2026.02.16	00:49:02.487		1.96921			4
2026.02.16	00:49:02.516	1.96728				2
2026.02.16	00:49:02.714	1.96730				2
2026.02.16	00:49:04.141		1.96919			4
2026.02.16	00:49:10.751	1.96727				2
2026.02.16	00:49:12.934	1.96730				2
2026.02.16	00:49:16.727		1.96917			4
2026.02.16	00:49:17.941		1.96919			4
2026.02.16	00:49:24.155	1.96729	1.96917			6
2026.02.16	00:49:25.431		1.96916			4
2026.02.16	00:49:26.120		1.96914			4
2026.02.16	00:49:33.183	1.96726				2
2026.02.16	00:49:34.130		1.96916			4
2026.02.16	00:49:35.571		1.96914			4
2026.02.16	00:49:38.960		1.96916			4
2026.02.16	00:49:41.401	1.96724				2
2026.02.16	00:49:41.430		1.96912			4
2026.02.16	00:49:44.811	1.96723				2
2026.02.16	00:49:46.209	1.96722				2
2026.02.16	00:49:46.282		1.96916			4
2026.02.16	00:49:46.412	1.96724				2
2026.02.16	00:49:46.810	1.96726				2
2026.02.16	00:49:49.984		1.96917			4
2026.02.16	00:49:51.501		1.96916			4
2026.02.16	00:49:54.021	1.96725				2
2026.02.16	00:49:54.827	1.96722				2
2026.02.16	00:49:58.750		1.96917			4
2026.02.16	00:50:00.544	1.96722	1.96916			6
2026.02.16	00:50:01.050	1.96747				2
2026.02.16	00:50:01.110		1.96946			4
2026.02.16	00:50:01.261	1.96735	1.96935			6
2026.02.16	00:50:02.242	1.96738	1.96938			6
2026.02.16	00:50:02.452	1.96737	1.96937			6
2026.02.16	00:50:03.668	1.96736	1.96936			6
2026.02.16	00:50:06.462	1.96735	1.96935			6
2026.02.16	00:50:08.498		1.96934			4
2026.02.16	00:50:10.139		1.96935			4
2026.02.16	00:50:13.871	1.96736				2
2026.02.16	00:50:16.239		1.96936			4
2026.02.16	00:50:17.682	1.96740	1.96937			6
2026.02.16	00:50:18.681	1.96739				2
2026.02.16	00:50:28.124		1.96935			4
2026.02.16	00:50:28.711	1.96738				2
2026.02.16	00:50:29.889		1.96937			4
2026.02.16	00:50:30.624		1.96935			4
2026.02.16	00:50:32.290		1.96937			4
2026.02.16	00:50:33.309	1.96735	1.96935			6
2026.02.16	00:50:33.933	1.96739				2
2026.02.16	00:50:34.754		1.96937			4
2026.02.16	00:50:35.129	1.96735	1.96935			6
2026.02.16	00:50:42.345	1.96739	1.96937			6
2026.02.16	00:50:42.820		1.96939			4
2026.02.16	00:50:44.730	1.96736	1.96936			6
2026.02.16	00:50:46.279		1.96935			4
2026.02.16	00:50:46.759	1.96738				2
2026.02.16	00:50:47.952	1.96741				2
2026.02.16	00:50:48.531		1.96937			4
2026.02.16	00:50:48.562	1.96742				2
2026.02.16	00:50:48.873		1.96935			4
2026.02.16	00:50:48.971	1.96739				2
2026.02.16	00:50:57.372		1.96939			4
2026.02.16	00:50:58.805	1.96735	1.96935			6
2026.02.16	00:51:14.014	1.96736	1.96936			6
2026.02.16	00:51:17.015		1.96935			4
2026.02.16	00:51:20.926		1.96936			4
2026.02.16	00:51:23.859	1.96735	1.96935			6
2026.02.16	00:51:28.250	1.96738	1.96938			6
2026.02.16	00:51:29.081	1.96734	1.96934			6
2026.02.16	00:51:33.693	1.96736	1.96936			6
2026.02.16	00:51:43.924	1.96734	1.96934			6
2026.02.16	00:51:48.931	1.96581	1.96769			6
2026.02.16	00:51:48.962	1.96569				2
2026.02.16	00:51:49.135	1.96566	1.96766			6
2026.02.16	00:51:49.933	1.96572	1.96772			6
2026.02.16	00:51:50.948	1.96564	1.96764			6
2026.02.16	00:51:51.934	1.96570	1.96770			6
2026.02.16	00:51:52.144	1.96582	1.96782			6
2026.02.16	00:51:52.332	1.96586	1.96786			6
2026.02.16	00:51:52.553	1.96585	1.96785			6
2026.02.16	00:51:52.732	1.96588	1.96788			6
2026.02.16	00:51:52.927	1.96585	1.96785			6
2026.02.16	00:51:53.154	1.96588	1.96788			6
2026.02.16	00:51:53.335	1.96586	1.96786			6
2026.02.16	00:51:53.741	1.96588	1.96788			6
2026.02.16	00:51:54.335	1.96585	1.96785			6
2026.02.16	00:51:54.946	1.96647	1.96789			6
2026.02.16	00:51:55.135		1.96791			4
2026.02.16	00:51:55.297	1.96598				2
2026.02.16	00:51:55.537		1.96790			4
2026.02.16	00:51:55.742		1.96791			4
2026.02.16	00:51:55.943		1.96793			4
2026.02.16	00:51:55.973	1.96604				2
2026.02.16	00:51:56.164		1.96791			4
2026.02.16	00:51:56.344		1.96794			4
2026.02.16	00:51:56.733	1.96594				2
2026.02.16	00:51:57.355	1.96588	1.96788			6
2026.02.16	00:51:57.445	1.96624				2
2026.02.16	00:51:57.574		1.96786			4
2026.02.16	00:51:57.754		1.96795			4
2026.02.16	00:51:57.941		1.96796			4
2026.02.16	00:51:58.646	1.96596				2
2026.02.16	00:51:58.752	1.96597	1.96797			6
2026.02.16	00:52:01.044	1.96597				2
2026.02.16	00:52:01.163	1.96587	1.96787			6
2026.02.16	00:52:01.538	1.96632				2
2026.02.16	00:52:01.569		1.96790			4
2026.02.16	00:52:01.743		1.96788			4
2026.02.16	00:52:02.185		1.96790			4
2026.02.16	00:52:02.272	1.96599				2
2026.02.16	00:52:02.384		1.96793			4
2026.02.16	00:52:02.565		1.96792			4
2026.02.16	00:52:02.774		1.96795			4
2026.02.16	00:52:02.912	1.96595				2
2026.02.16	00:52:02.972	1.96594	1.96794			6
2026.02.16	00:52:03.789	1.96593	1.96793			6
2026.02.16	00:52:04.165	1.96592	1.96792			6
2026.02.16	00:52:04.373	1.96589	1.96789			6
2026.02.16	00:52:04.564	1.96629				2
2026.02.16	00:52:04.774		1.96788			4
2026.02.16	00:52:05.373		1.96786			4
2026.02.16	00:52:05.929	1.96586				2
2026.02.16	00:52:05.988	1.96590	1.96790			6
2026.02.16	00:52:06.173	1.96587	1.96787			6
2026.02.16	00:52:06.575	1.96635				2
2026.02.16	00:52:06.784		1.96793			4
2026.02.16	00:52:06.979		1.96792			4
2026.02.16	00:52:07.563	1.96648				2
2026.02.16	00:52:07.774		1.96794			4
2026.02.16	00:52:08.005		1.96790			4
2026.02.16	00:52:08.147	1.96655				2
2026.02.16	00:52:08.177		1.96792			4
2026.02.16	00:52:08.703	1.96648				2
2026.02.16	00:52:08.783		1.96790			4
2026.02.16	00:52:09.203		1.96788			4
2026.02.16	00:52:09.373		1.96789			4
2026.02.16	00:52:09.993	1.96590	1.96774			6
2026.02.16	00:52:10.114	1.96574				2
2026.02.16	00:52:11.202	1.96572	1.96772			6
2026.02.16	00:52:11.387	1.96574	1.96774			6
2026.02.16	00:52:11.603	1.96577				2
2026.02.16	00:52:11.794		1.96776			4
2026.02.16	00:52:12.695	1.96596				2
2026.02.16	00:52:12.786		1.96788			4
2026.02.16	00:52:13.435	1.96588				2
2026.02.16	00:52:13.994	1.96582	1.96782			6
2026.02.16	00:52:14.204	1.96590	1.96790			6
2026.02.16	00:52:14.405	1.96580	1.96780			6
2026.02.16	00:52:14.614	1.96584	1.96784			6
2026.02.16	00:52:14.796	1.96592	1.96792			6
2026.02.16	00:52:14.825	1.96625				2
2026.02.16	00:52:15.006		1.96780			4
2026.02.16	00:52:15.314	1.96635				2
2026.02.16	00:52:15.403		1.96790			4
2026.02.16	00:52:15.805		1.96796			4
2026.02.16	00:52:15.866	1.96596				2
2026.02.16	00:52:17.007	1.96600	1.96800			6
2026.02.16	00:52:17.203	1.96598	1.96798			6
2026.02.16	00:52:17.414	1.96600	1.96800			6
2026.02.16	00:52:17.624	1.96580	1.96780			6
2026.02.16	00:52:17.813	1.96582	1.96782			6
2026.02.16	00:52:18.023	1.96578	1.96778			6
2026.02.16	00:52:18.415	1.96576	1.96776			6
2026.02.16	00:52:18.625	1.96578	1.96778			6
2026.02.16	00:52:18.806	1.96576	1.96776			6
2026.02.16	00:52:19.017	1.96574	1.96774			6
2026.02.16	00:52:19.227	1.96572	1.96772			6
2026.02.16	00:52:19.422	1.96578	1.96778			6
2026.02.16	00:52:19.813	1.96580	1.96780			6
2026.02.16	00:52:20.014	1.96572	1.96772			6
2026.02.16	00:52:20.225	1.96581	1.96781			6
2026.02.16	00:52:20.413	1.96580	1.96780			6
2026.02.16	00:52:20.625	1.96576	1.96776			6
2026.02.16	00:52:20.812	1.96580	1.96780			6
2026.02.16	00:52:21.015	1.96582	1.96782			6
2026.02.16	00:52:22.014	1.96584	1.96784			6
2026.02.16	00:52:22.817	1.96580	1.96780			6
2026.02.16	00:52:23.029	1.96582	1.96782			6
2026.02.16	00:52:23.246	1.96586	1.96786			6
2026.02.16	00:52:23.630	1.96578	1.96778			6
2026.02.16	00:52:23.824	1.96584	1.96784			6
2026.02.16	00:52:24.035	1.96580	1.96780			6
2026.02.16	00:52:24.217	1.96574	1.96774			6
2026.02.16	00:52:24.435	1.96582	1.96782			6
2026.02.16	00:52:24.615	1.96584	1.96784			6
2026.02.16	00:52:24.825	1.96582	1.96782			6
2026.02.16	00:52:25.039	1.96581	1.96781			6
2026.02.16	00:52:25.223	1.96582	1.96782			6
2026.02.16	00:52:25.640	1.96574	1.96774			6
2026.02.16	00:52:25.998	1.96580				2
2026.02.16	00:52:26.030		1.96778			4
2026.02.16	00:52:26.240	1.96586	1.96786			6
2026.02.16	00:52:26.434	1.96592	1.96792			6
2026.02.16	00:52:26.524	1.96593				2
2026.02.16	00:52:26.630		1.96784			4
2026.02.16	00:52:26.853		1.96778			4
2026.02.16	00:52:27.012	1.96599				2
2026.02.16	00:52:27.043		1.96790			4
2026.02.16	00:52:27.248		1.96788			4
2026.02.16	00:52:27.429		1.96790			4
2026.02.16	00:52:27.588	1.96609				2
2026.02.16	00:52:28.053		1.96792			4
2026.02.16	00:52:28.305	1.96619				2
2026.02.16	00:52:28.434		1.96784			4
2026.02.16	00:52:28.844		1.96788			4
2026.02.16	00:52:29.003	1.96616				2
2026.02.16	00:52:29.249		1.96770			4
2026.02.16	00:52:29.662		1.96781			4
2026.02.16	00:52:29.722	1.96581				2
2026.02.16	00:52:30.244	1.96578	1.96778			6
2026.02.16	00:52:33.873	1.96580	1.96780			6
2026.02.16	00:52:34.480	1.96582	1.96782			6
2026.02.16	00:52:34.660	1.96585	1.96785			6
2026.02.16	00:52:34.782	1.96596				2
2026.02.16	00:52:34.871		1.96788			4
2026.02.16	00:52:35.060		1.96790			4
2026.02.16	00:52:35.269		1.96792			4
2026.02.16	00:52:35.423	1.96612				2
2026.02.16	00:52:35.673		1.96784			4
2026.02.16	00:52:36.166	1.96596				2
2026.02.16	00:52:36.283		1.96792			4
2026.02.16	00:52:36.474		1.96782			4
2026.02.16	00:52:36.756	1.96582				2
2026.02.16	00:52:36.864	1.96584	1.96784			6
2026.02.16	00:52:37.076	1.96587	1.96787			6
2026.02.16	00:52:37.464	1.96588	1.96788			6
2026.02.16	00:52:37.681	1.96584	1.96784			6
2026.02.16	00:52:37.843	1.96590				2
2026.02.16	00:52:37.873		1.96782			4
2026.02.16	00:52:38.080		1.96788			4
2026.02.16	00:52:38.614	1.96622				2
2026.02.16	00:52:38.674		1.96782			4
2026.02.16	00:52:38.885		1.96780			4
2026.02.16	00:52:39.082		1.96784			4
2026.02.16	00:52:39.264	1.96619				2
2026.02.16	00:52:39.294		1.96786			4
2026.02.16	00:52:39.479		1.96784			4
2026.02.16	00:52:39.690		1.96778			4
2026.02.16	00:52:39.873	1.96578				2
2026.02.16	00:52:40.093	1.96582	1.96782			6
2026.02.16	00:52:40.614	1.96606				2
2026.02.16	00:52:40.675		1.96790			4
2026.02.16	00:52:40.886		1.96788			4
2026.02.16	00:52:41.293		1.96790			4
2026.02.16	00:52:41.356	1.96590				2
2026.02.16	00:52:41.476	1.96586	1.96786			6
2026.02.16	00:52:41.905	1.96590	1.96790			6
2026.02.16	00:52:42.022	1.96599				2
2026.02.16	00:52:42.083		1.96792			4
2026.02.16	00:52:42.284		1.96794			4
2026.02.16	00:52:42.493		1.96788			4
2026.02.16	00:52:42.669	1.96625				2
2026.02.16	00:52:42.883		1.96780			4
2026.02.16	00:52:43.343	1.96580				2
2026.02.16	00:52:43.493	1.96582	1.96782			6
2026.02.16	00:52:43.897	1.96585	1.96785			6
2026.02.16	00:52:43.959	1.96590				2
2026.02.16	00:52:44.113		1.96784			4
2026.02.16	00:52:44.485		1.96786			4
2026.02.16	00:52:44.681		1.96788			4
2026.02.16	00:52:44.710	1.96616				2
2026.02.16	00:52:45.795	1.96612				2
2026.02.16	00:52:45.902		1.96790			4
2026.02.16	00:52:46.113		1.96788			4
2026.02.16	00:52:46.568	1.96622				2
2026.02.16	00:52:47.118		1.96786			4
2026.02.16	00:52:47.248	1.96603				2
2026.02.16	00:52:47.308		1.96788			4
2026.02.16	00:52:47.711		1.96782			4
2026.02.16	00:52:47.873	1.96582				2
2026.02.16	00:52:48.112	1.96580	1.96780			6
2026.02.16	00:52:48.514	1.96586	1.96786			6
2026.02.16	00:52:48.697	1.96584	1.96784			6
2026.02.16	00:52:48.907	1.96590	1.96790			6
2026.02.16	00:52:49.299	1.96599				2
2026.02.16	00:52:49.520		1.96788			4
2026.02.16	00:52:49.929	1.96588				2
2026.02.16	00:52:50.124	1.96590	1.96790			6
2026.02.16	00:52:50.302	1.96588	1.96788			6
2026.02.16	00:52:50.903	1.96586	1.96786			6
2026.02.16	00:52:51.316	1.96588	1.96788			6
2026.02.16	00:52:51.726	1.96592	1.96792			6
2026.02.16	00:52:51.913	1.96590	1.96790			6
2026.02.16	00:52:51.943	1.96604				2
2026.02.16	00:52:52.519		1.96788			4
2026.02.16	00:52:52.669	1.96588				2
2026.02.16	00:52:53.103	1.96590	1.96790			6
2026.02.16	00:52:54.600	1.96606				2
2026.02.16	00:52:54.720		1.96792			4
2026.02.16	00:52:55.243	1.96616				2
2026.02.16	00:52:55.333		1.96782			4
2026.02.16	00:52:55.517		1.96776			4
2026.02.16	00:52:55.721		1.96778			4
2026.02.16	00:52:56.529	1.96578				2
2026.02.16	00:52:58.734	1.96576	1.96776			6
2026.02.16	00:52:59.944	1.96574	1.96774			6
2026.02.16	00:53:00.524	1.96576	1.96776			6
2026.02.16	00:53:01.537	1.96580	1.96780			6
2026.02.16	00:53:03.547	1.96582	1.96782			6
2026.02.16	00:53:03.763	1.96580	1.96780			6
2026.02.16	00:53:03.965	1.96579	1.96779			6
2026.02.16	00:53:04.163	1.96578	1.96778			6
2026.02.16	00:53:04.556	1.96579	1.96779			6
2026.02.16	00:53:04.958	1.96582	1.96782			6
2026.02.16	00:53:05.972	1.96580	1.96780			6
2026.02.16	00:53:07.765	1.96578	1.96778			6
2026.02.16	00:53:08.151	1.96576	1.96776			6
2026.02.16	00:53:11.374	1.96582	1.96782			6
2026.02.16	00:53:11.765	1.96580	1.96780			6
2026.02.16	00:53:12.160	1.96582	1.96782			6
2026.02.16	00:53:12.769	1.96563	1.96763			6
2026.02.16	00:53:12.971	1.96562	1.96762			6
2026.02.16	00:53:13.189	1.96568	1.96768			6
2026.02.16	00:53:13.590	1.96562	1.96762			6
2026.02.16	00:53:13.774	1.96566	1.96766			6
2026.02.16	00:53:13.986	1.96568	1.96768			6
2026.02.16	00:53:14.046	1.96578				2
2026.02.16	00:53:14.172		1.96764			4
2026.02.16	00:53:14.395		1.96766			4
2026.02.16	00:53:14.646	1.96566				2
2026.02.16	00:53:16.600	1.96568	1.96768			6
2026.02.16	00:53:17.004	1.96560	1.96760			6
2026.02.16	00:53:17.183	1.96566	1.96766			6
2026.02.16	00:53:18.193	1.96568	1.96768			6
2026.02.16	00:53:20.002	1.96566	1.96766			6
2026.02.16	00:53:20.397	1.96568	1.96768			6
2026.02.16	00:53:20.874	1.96581				2
2026.02.16	00:53:21.001		1.96760			4
2026.02.16	00:53:21.394		1.96768			4
2026.02.16	00:53:21.512	1.96568				2
2026.02.16	00:53:22.230	1.96591				2
2026.02.16	00:53:22.791		1.96762			4
2026.02.16	00:53:22.821	1.96588				2
2026.02.16	00:53:23.402	1.96562				2
2026.02.16	00:53:23.615	1.96564	1.96764			6
2026.02.16	00:53:23.797	1.96563	1.96763			6
2026.02.16	00:53:24.008	1.96591	1.96764			6
2026.02.16	00:53:24.633	1.96593				2
2026.02.16	00:53:24.814		1.96763			4
2026.02.16	00:53:25.426		1.96762			4
2026.02.16	00:53:26.223		1.96763			4
2026.02.16	00:53:27.422		1.96756			4
2026.02.16	00:53:28.542	1.96556				2
2026.02.16	00:53:35.568	1.96557				2
2026.02.16	00:53:36.059	1.96570				2
2026.02.16	00:53:36.452		1.96758			4
2026.02.16	00:53:36.722	1.96573				2
2026.02.16	00:53:37.241		1.96760			4
2026.02.16	00:53:37.343	1.96586				2
2026.02.16	00:53:37.437		1.96758			4
2026.02.16	00:53:37.853		1.96760			4
2026.02.16	00:53:38.002	1.96596				2
2026.02.16	00:53:40.853		1.96762			4
2026.02.16	00:53:41.654		1.96760			4
2026.02.16	00:53:41.772	1.96609				2
2026.02.16	00:53:42.483	1.96596				2
2026.02.16	00:53:42.655		1.96762			4
2026.02.16	00:53:43.864		1.96760			4
2026.02.16	00:53:43.895	1.96616				2
2026.02.16	00:53:44.074		1.96755			4
2026.02.16	00:53:44.473		1.96756			4
2026.02.16	00:53:55.606	1.96583				2
2026.02.16	00:53:55.890		1.96758			4
2026.02.16	00:53:56.112		1.96760			4
2026.02.16	00:53:56.171	1.96560				2
2026.02.16	00:53:56.292	1.96570	1.96770			6
2026.02.16	00:53:57.317	1.96546	1.96746			6
2026.02.16	00:53:58.917	1.96544	1.96744			6
2026.02.16	00:53:59.719	1.96546	1.96746			6
2026.02.16	00:54:00.167	1.96554				2
2026.02.16	00:54:00.327		1.96744			4
2026.02.16	00:54:00.507		1.96746			4
2026.02.16	00:54:02.539	1.96549				2
2026.02.16	00:54:02.715		1.96745			4
2026.02.16	00:54:03.468	1.96551				2
2026.02.16	00:54:04.121		1.96746			4
2026.02.16	00:54:04.600	1.96546				2
2026.02.16	00:54:04.731		1.96742			4
2026.02.16	00:54:05.129		1.96741			4
2026.02.16	00:54:05.284	1.96555				2
2026.02.16	00:54:05.315		1.96742			4
2026.02.16	00:54:05.513		1.96741			4
2026.02.16	00:54:05.985	1.96559				2
2026.02.16	00:54:06.136		1.96743			4
2026.02.16	00:54:06.927	1.96555				2
2026.02.16	00:54:07.148		1.96744			4
2026.02.16	00:54:07.346		1.96741			4
2026.02.16	00:54:07.728		1.96742			4
2026.02.16	00:54:08.204	1.96562				2
2026.02.16	00:54:08.737		1.96743			4
2026.02.16	00:54:08.918	1.96559				2
2026.02.16	00:54:13.575	1.96557				2
2026.02.16	00:54:13.766		1.96741			4
2026.02.16	00:54:14.087	1.96570				2
2026.02.16	00:54:14.146		1.96731			4
2026.02.16	00:54:14.357		1.96735			4
2026.02.16	00:54:14.606	1.96535				2
2026.02.16	00:54:16.357	1.96533	1.96733			6
2026.02.16	00:54:17.976	1.96536	1.96736			6
2026.02.16	00:54:18.568	1.96538	1.96738			6
2026.02.16	00:54:22.846	1.96542				2
2026.02.16	00:54:22.969		1.96741			4
2026.02.16	00:54:23.596		1.96738			4
2026.02.16	00:54:24.991		1.96740			4
2026.02.16	00:54:25.951	1.96540				2
2026.02.16	00:54:26.202	1.96536	1.96736			6
2026.02.16	00:54:27.997	1.96534	1.96734			6
2026.02.16	00:54:29.010	1.96533	1.96733			6
2026.02.16	00:54:31.016	1.96530	1.96730			6
2026.02.16	00:54:31.408	1.96531	1.96731			6
2026.02.16	00:54:31.818	1.96530	1.96730			6
2026.02.16	00:54:32.427	1.96532	1.96732			6
2026.02.16	00:54:34.020	1.96520	1.96720			6
2026.02.16	00:54:35.841	1.96527	1.96727			6
2026.02.16	00:54:36.638	1.96526	1.96726			6
2026.02.16	00:54:37.038	1.96510	1.96710			6
2026.02.16	00:54:37.427	1.96512	1.96712			6
2026.02.16	00:54:37.637	1.96513	1.96713			6
2026.02.16	00:54:41.418	1.96512	1.96712			6
2026.02.16	00:54:43.836	1.96513	1.96713			6
2026.02.16	00:54:44.047	1.96514	1.96714			6
2026.02.16	00:54:46.063	1.96515	1.96715			6
2026.02.16	00:54:46.466	1.96513	1.96713			6
2026.02.16	00:54:46.871	1.96515	1.96715			6
2026.02.16	00:54:47.262	1.96511	1.96711			6
2026.02.16	00:54:48.873	1.96512	1.96712			6
2026.02.16	00:54:49.078	1.96511	1.96711			6
2026.02.16	00:54:50.085	1.96512	1.96712			6
2026.02.16	00:54:51.679	1.96513	1.96713			6
2026.02.16	00:54:58.901	1.96514	1.96714			6
2026.02.16	00:54:59.710	1.96513	1.96713			6
2026.02.16	00:54:59.907	1.96512	1.96712			6
2026.02.16	00:55:01.107	1.96513	1.96713			6
2026.02.16	00:55:01.920	1.96512	1.96712			6
2026.02.16	00:55:04.108	1.96510	1.96710			6
2026.02.16	00:55:05.313	1.96515	1.96715			6
2026.02.16	00:55:05.717	1.96511	1.96711			6
2026.02.16	00:55:06.736	1.96513	1.96713			6
2026.02.16	00:55:08.923	1.96508	1.96708			6
2026.02.16	00:55:09.126	1.96505	1.96705			6
2026.02.16	00:55:09.345	1.96507	1.96707			6
2026.02.16	00:55:09.939	1.96504	1.96704			6
2026.02.16	00:55:12.526	1.96505	1.96705			6
2026.02.16	00:55:13.768	1.96508	1.96708			6
2026.02.16	00:55:16.557	1.96511	1.96711			6
2026.02.16	00:55:16.704	1.96513				2
2026.02.16	00:55:17.149		1.96710			4
2026.02.16	00:55:17.278	1.96510				2
2026.02.16	00:55:17.371	1.96511	1.96711			6
2026.02.16	00:55:23.967	1.96512	1.96712			6
2026.02.16	00:55:25.167	1.96513	1.96713			6
2026.02.16	00:55:25.795	1.96512	1.96712			6
2026.02.16	00:55:27.794	1.96510	1.96709			6
2026.02.16	00:55:29.542	1.96513				2
2026.02.16	00:55:30.189		1.96710			4
2026.02.16	00:55:32.006		1.96707			4
2026.02.16	00:55:32.204		1.96710			4
2026.02.16	00:55:33.827	1.96510				2
2026.02.16	00:55:34.024	1.96512	1.96712			6
2026.02.16	00:55:37.837	1.96509	1.96709			6
2026.02.16	00:55:40.432	1.96520				2
2026.02.16	00:55:41.638		1.96706			4
2026.02.16	00:55:42.048	1.96506				2
2026.02.16	00:55:42.242	1.96509	1.96709			6
2026.02.16	00:55:43.325	1.96536				2
2026.02.16	00:55:45.848		1.96707			4
2026.02.16	00:55:46.436		1.96710			4
2026.02.16	00:55:49.057		1.96707			4
2026.02.16	00:55:49.224	1.96546				2
2026.02.16	00:55:49.255		1.96712			4
2026.02.16	00:55:49.469		1.96714			4
2026.02.16	00:55:50.004	1.96514				2
2026.02.16	00:55:50.260	1.96489	1.96689			6
2026.02.16	00:55:51.670	1.96490	1.96686			6
2026.02.16	00:55:52.170	1.96516				2
2026.02.16	00:55:52.462		1.96687			4
2026.02.16	00:55:52.654	1.96526				2
2026.02.16	00:55:54.090		1.96689			4
2026.02.16	00:55:58.069		1.96687			4
2026.02.16	00:55:59.690		1.96690			4
2026.02.16	00:56:00.083	1.96526	1.96689			6
2026.02.16	00:56:00.113	1.96489				2
2026.02.16	00:56:00.485	1.96487	1.96687			6
2026.02.16	00:56:01.109	1.96488	1.96688			6
2026.02.16	00:56:02.489	1.96485	1.96685			6
2026.02.16	00:56:02.713	1.96488	1.96688			6
2026.02.16	00:56:05.513	1.96486	1.96686			6
2026.02.16	00:56:06.324	1.96485	1.96685			6
2026.02.16	00:56:09.333	1.96490	1.96690			6
2026.02.16	00:56:09.526	1.96488	1.96688			6
2026.02.16	00:56:11.544	1.96485	1.96685			6
2026.02.16	00:56:15.455	1.96507				2
2026.02.16	00:56:16.479	1.96503				2
2026.02.16	00:56:16.539		1.96703			4
2026.02.16	00:56:16.754	1.96506	1.96706			6
2026.02.16	00:56:17.283	1.96523				2
2026.02.16	00:56:17.344		1.96710			4
2026.02.16	00:56:17.913	1.96510				2
2026.02.16	00:56:19.553	1.96512	1.96712			6
2026.02.16	00:56:20.563	1.96510	1.96710			6
2026.02.16	00:56:26.981	1.96512	1.96712			6
2026.02.16	00:56:27.377	1.96513	1.96713			6
2026.02.16	00:56:27.596	1.96514	1.96714			6
2026.02.16	00:56:27.991	1.96513	1.96713			6
2026.02.16	00:56:28.171	1.96512	1.96712			6
2026.02.16	00:56:28.391	1.96513	1.96713			6
2026.02.16	00:56:29.997	1.96511	1.96711			6
2026.02.16	00:56:30.397	1.96510	1.96710			6
2026.02.16	00:56:30.679	1.96533				2
2026.02.16	00:56:31.438	1.96510				2
2026.02.16	00:56:37.030	1.96505	1.96705			6
2026.02.16	00:56:37.420	1.96507				2
2026.02.16	00:56:39.429		1.96703			4
2026.02.16	00:56:43.843	1.96510	1.96710			6
2026.02.16	00:56:44.851	1.96511	1.96711			6
2026.02.16	00:56:46.253	1.96504	1.96704			6
2026.02.16	00:56:46.555	1.96513				2
2026.02.16	00:56:46.645		1.96708			4
2026.02.16	00:56:47.453		1.96704			4
2026.02.16	00:56:47.561	1.96504				2
2026.02.16	00:56:47.863	1.96503	1.96701			6
2026.02.16	00:56:49.240	1.96501				2
2026.02.16	00:56:52.450	1.96503	1.96703			6
2026.02.16	00:56:53.484	1.96502	1.96702			6
2026.02.16	00:56:54.473	1.96500	1.96700			6
2026.02.16	00:56:54.683	1.96514	1.96714			6
2026.02.16	00:56:54.875	1.96516	1.96716			6
2026.02.16	00:56:55.017	1.96542				2
2026.02.16	00:56:55.076		1.96715			4
2026.02.16	00:56:55.283		1.96717			4
2026.02.16	00:56:55.482		1.96715			4
2026.02.16	00:56:55.542	1.96549				2
2026.02.16	00:56:56.088		1.96713			4
2026.02.16	00:57:02.301	1.96549	1.96712			6
2026.02.16	00:57:06.456	1.96542				2
2026.02.16	00:57:06.515		1.96717			4
2026.02.16	00:57:06.711		1.96716			4
2026.02.16	00:57:06.960	1.96552				2
2026.02.16	00:57:08.529		1.96717			4
2026.02.16	00:57:13.742		1.96714			4
2026.02.16	00:57:15.531		1.96716			4
2026.02.16	00:57:19.045	1.96546				2
2026.02.16	00:57:20.361		1.96715			4
2026.02.16	00:57:20.573		1.96714			4
2026.02.16	00:57:23.111	1.96552				2
2026.02.16	00:57:24.709	1.96542				2
2026.02.16	00:57:25.981		1.96711			4
2026.02.16	00:57:26.395		1.96714			4
2026.02.16	00:57:28.787		1.96711			4
2026.02.16	00:57:30.446	1.96536				2
2026.02.16	00:57:30.586		1.96712			4
2026.02.16	00:57:31.191		1.96714			4
2026.02.16	00:57:31.534	1.96533				2
2026.02.16	00:57:34.005		1.96710			4
2026.02.16	00:57:36.227		1.96714			4
2026.02.16	00:57:37.223		1.96712			4
2026.02.16	00:57:38.626		1.96711			4
2026.02.16	00:57:42.119	1.96546				2
2026.02.16	00:57:42.237		1.96712			4
2026.02.16	00:57:44.043		1.96711			4
2026.02.16	00:57:44.822		1.96706			4
2026.02.16	00:57:45.245	1.96516				2
2026.02.16	00:57:45.922	1.96523				2
2026.02.16	00:57:46.049		1.96708			4
2026.02.16	00:57:47.552	1.96510				2
2026.02.16	00:57:47.861		1.96704			4
2026.02.16	00:57:49.872		1.96706			4
2026.02.16	00:57:50.336	1.96516				2
2026.02.16	00:57:51.475		1.96705			4
2026.02.16	00:57:52.273		1.96704			4
2026.02.16	00:57:55.673	1.96520	1.96720			6
2026.02.16	00:57:55.884	1.96522	1.96722			6
2026.02.16	00:57:56.084	1.96523	1.96723			6
2026.02.16	00:57:56.210	1.96572				2
2026.02.16	00:57:56.478		1.96725			4
2026.02.16	00:57:57.553	1.96525				2
2026.02.16	00:57:59.876	1.96523	1.96723			6
2026.02.16	00:58:00.096	1.96525	1.96725			6
2026.02.16	00:58:02.300	1.96527	1.96727			6
2026.02.16	00:58:07.498	1.96528	1.96728			6
2026.02.16	00:58:08.318	1.96526	1.96726			6
2026.02.16	00:58:12.327	1.96525	1.96725			6
2026.02.16	00:58:15.148	1.96524	1.96724			6
2026.02.16	00:58:20.168	1.96525	1.96725			6
2026.02.16	00:58:20.379	1.96526	1.96726			6
2026.02.16	00:58:20.552	1.96520	1.96720			6
2026.02.16	00:58:25.366	1.96522	1.96722			6
2026.02.16	00:58:25.905	1.96560				2
2026.02.16	00:58:28.701	1.96522				2
2026.02.16	00:58:28.772	1.96521	1.96721			6
2026.02.16	00:58:30.746	1.96563				2
2026.02.16	00:58:31.598		1.96722			4
2026.02.16	00:58:38.581	1.96522				2
2026.02.16	00:58:38.827	1.96523	1.96723			6
2026.02.16	00:58:39.399	1.96524	1.96724			6
2026.02.16	00:58:40.193	1.96560				2
2026.02.16	00:58:42.424		1.96723			4
2026.02.16	00:58:45.781	1.96570				2
2026.02.16	00:58:47.798	1.96523				2
2026.02.16	00:58:47.828	1.96524	1.96724			6
2026.02.16	00:58:53.865	1.96525	1.96725			6
2026.02.16	00:58:54.678	1.96524	1.96724			6
2026.02.16	00:58:57.064	1.96527	1.96727			6
2026.02.16	00:59:11.532	1.96525	1.96725			6
2026.02.16	00:59:11.714	1.96530	1.96730			6
2026.02.16	00:59:13.534	1.96528	1.96728			6
2026.02.16	00:59:14.130	1.96529	1.96729			6
2026.02.16	00:59:21.162	1.96525	1.96725			6
2026.02.16	00:59:26.988	1.96526	1.96726			6
2026.02.16	00:59:34.795	1.96527	1.96727			6
2026.02.16	00:59:37.596	1.96526	1.96726			6
2026.02.16	00:59:41.214	1.96530	1.96730			6
2026.02.16	00:59:42.634	1.96523	1.96723			6
2026.02.16	00:59:42.818	1.96528	1.96728			6
2026.02.16	00:59:46.243	1.96526	1.96726			6
2026.02.16	00:59:48.227	1.96528	1.96728			6
2026.02.16	00:59:48.647	1.96527	1.96727			6
2026.02.16	00:59:51.266	1.96530	1.96730			6
2026.02.16	00:59:55.675	1.96528	1.96728			6
2026.02.16	00:59:56.668	1.96529	1.96729			6
2026.02.16	00:59:57.665	1.96528	1.96728			6
2026.02.16	00:59:59.468	1.96531	1.96731			6
2026.02.16	00:59:59.889	1.96517	1.96717			6
2026.02.16	01:00:00.428	1.96536				2
2026.02.16	01:00:00.490		1.96711			4
2026.02.16	01:00:00.702		1.96713			4
2026.02.16	01:00:00.880		1.96707			4
2026.02.16	01:00:01.001	1.96527				2
2026.02.16	01:00:01.092		1.96705			4
2026.02.16	01:00:01.514		1.96701			4
2026.02.16	01:00:01.633	1.96501				2
2026.02.16	01:00:01.904	1.96391	1.96579			6
2026.02.16	01:00:01.964		1.96586			4
2026.02.16	01:00:02.052		1.96583			4
2026.02.16	01:00:02.084	1.96387				2
2026.02.16	01:00:02.173		1.96587			4
2026.02.16	01:00:02.294	1.96388				2
2026.02.16	01:00:02.565		1.96586			4
2026.02.16	01:00:02.717	1.96385	1.96585			6
2026.02.16	01:00:02.896	1.96387	1.96587			6
2026.02.16	01:00:03.107	1.96379	1.96579			6
2026.02.16	01:00:03.136		1.96576			4
2026.02.16	01:00:03.258		1.96579			4
2026.02.16	01:00:03.289	1.96369	1.96569			6
2026.02.16	01:00:03.499	1.96371	1.96571			6
2026.02.16	01:00:03.710	1.96375	1.96575			6
2026.02.16	01:00:03.890	1.96379	1.96577			6
2026.02.16	01:00:03.949	1.96415				2
2026.02.16	01:00:04.227		1.96579			4
2026.02.16	01:00:04.479	1.96379				2
2026.02.16	01:00:04.691	1.96375	1.96575			6
2026.02.16	01:00:05.170	1.96421				2
2026.02.16	01:00:05.711		1.96571			4
2026.02.16	01:00:05.770	1.96389				2
2026.02.16	01:00:06.313	1.96428				2
2026.02.16	01:00:06.524		1.96577			4
2026.02.16	01:00:07.106		1.96575			4
2026.02.16	01:00:07.314		1.96567			4
2026.02.16	01:00:07.616		1.96561			4
2026.02.16	01:00:07.676	1.96425				2
2026.02.16	01:00:08.115		1.96559			4
2026.02.16	01:00:09.074	1.96434				2
2026.02.16	01:00:09.195		1.96557			4
2026.02.16	01:00:10.223		1.96554			4
2026.02.16	01:00:10.613	1.96353	1.96550			6
2026.02.16	01:00:10.733	1.96355				2
2026.02.16	01:00:10.914	1.96350				2
2026.02.16	01:00:10.944		1.96547			4
2026.02.16	01:00:11.125	1.96349				2
2026.02.16	01:00:11.532	1.96351				2
2026.02.16	01:00:12.521		1.96548			4
2026.02.16	01:00:13.620		1.96549			4
2026.02.16	01:00:13.711		1.96551			4
2026.02.16	01:00:13.740	1.96349	1.96549			6
2026.02.16	01:00:13.830		1.96546			4
2026.02.16	01:00:13.921		1.96542			4
2026.02.16	01:00:14.043		1.96541			4
2026.02.16	01:00:14.162		1.96546			4
2026.02.16	01:00:14.282		1.96541			4
2026.02.16	01:00:14.342	1.96351				2
2026.02.16	01:00:14.402		1.96545			4
2026.02.16	01:00:14.522	1.96350				2
2026.02.16	01:00:14.612		1.96547			4
2026.02.16	01:00:14.833	1.96351	1.96546			6
2026.02.16	01:00:14.951	1.96353				2
2026.02.16	01:00:15.415		1.96553			4
2026.02.16	01:00:15.535	1.96359				2
2026.02.16	01:00:16.429		1.96552			4
2026.02.16	01:00:16.569	1.96360				2
2026.02.16	01:00:16.746	1.96364				2
2026.02.16	01:00:17.034		1.96551			4
2026.02.16	01:00:17.153	1.96359				2
2026.02.16	01:00:17.274		1.96552			4
2026.02.16	01:00:18.713		1.96548			4
2026.02.16	01:00:18.743	1.96357				2
2026.02.16	01:00:20.411		1.96549			4
2026.02.16	01:00:20.562	1.96364				2
2026.02.16	01:00:21.151		1.96548			4
2026.02.16	01:00:22.381	1.96365				2
2026.02.16	01:00:23.083		1.96550			4
2026.02.16	01:00:23.173	1.96367				2
2026.02.16	01:00:23.563	1.96366				2
2026.02.16	01:00:23.834		1.96552			4
2026.02.16	01:00:23.954		1.96550			4
2026.02.16	01:00:23.983	1.96365				2
2026.02.16	01:00:24.165	1.96367				2
2026.02.16	01:00:24.854		1.96549			4
2026.02.16	01:00:24.974	1.96364	1.96548			6
2026.02.16	01:00:25.124		1.96550			4
2026.02.16	01:00:25.155	1.96365				2
2026.02.16	01:00:25.304		1.96548			4
2026.02.16	01:00:25.364	1.96364				2
2026.02.16	01:00:25.787		1.96549			4
2026.02.16	01:00:26.378	1.96363				2
2026.02.16	01:00:26.437		1.96548			4
2026.02.16	01:00:27.190	1.96365				2
2026.02.16	01:00:28.231		1.96549			4
2026.02.16	01:00:28.865		1.96547			4
2026.02.16	01:00:28.986	1.96363				2
2026.02.16	01:00:29.316		1.96546			4
2026.02.16	01:00:29.380	1.96361				2
2026.02.16	01:00:29.590	1.96362	1.96548			6
2026.02.16	01:00:29.979	1.96366				2
2026.02.16	01:00:30.009		1.96552			4
2026.02.16	01:00:30.280		1.96557			4
2026.02.16	01:00:30.369		1.96554			4
2026.02.16	01:00:30.402	1.96359				2
2026.02.16	01:00:30.582	1.96356				2
2026.02.16	01:00:30.791	1.96357				2
2026.02.16	01:00:31.001	1.96361				2
2026.02.16	01:00:31.188		1.96557			4
2026.02.16	01:00:31.307		1.96556			4
2026.02.16	01:00:31.397	1.96359	1.96554			6
2026.02.16	01:00:31.517		1.96548			4
2026.02.16	01:00:31.608	1.96353				2
2026.02.16	01:00:31.637		1.96550			4
2026.02.16	01:00:31.727		1.96553			4
2026.02.16	01:00:32.058		1.96552			4
2026.02.16	01:00:32.389	1.96351	1.96551			6
2026.02.16	01:00:32.598	1.96353	1.96552			6
2026.02.16	01:00:33.050		1.96553			4
2026.02.16	01:00:33.440		1.96552			4
2026.02.16	01:00:33.560		1.96553			4
2026.02.16	01:00:33.769		1.96552			4
2026.02.16	01:00:33.891		1.96553			4
2026.02.16	01:00:34.012	1.96349	1.96549			6
2026.02.16	01:00:34.800	1.96351	1.96551			6
2026.02.16	01:00:36.398	1.96349	1.96549			6
2026.02.16	01:00:37.584		1.96548			4
2026.02.16	01:00:38.414	1.96347	1.96547			6
2026.02.16	01:00:39.806	1.96349	1.96548			6
2026.02.16	01:00:40.165		1.96545			4
2026.02.16	01:00:40.740		1.96546			4
2026.02.16	01:00:40.799	1.96347				2
2026.02.16	01:00:41.220	1.96349				2
2026.02.16	01:00:41.642	1.96345	1.96545			6
2026.02.16	01:00:42.422	1.96347	1.96547			6
2026.02.16	01:00:42.633	1.96345	1.96545			6
2026.02.16	01:00:42.815	1.96347	1.96547			6
2026.02.16	01:00:44.049	1.96353	1.96553			6
2026.02.16	01:00:44.651	1.96351	1.96551			6
2026.02.16	01:00:47.051	1.96383	1.96555			6
2026.02.16	01:00:47.081		1.96583			4
2026.02.16	01:00:47.231	1.96387	1.96587			6
2026.02.16	01:00:48.258	1.96381	1.96581			6
2026.02.16	01:00:48.451	1.96389	1.96589			6
2026.02.16	01:00:48.660	1.96385	1.96585			6
2026.02.16	01:00:51.656	1.96383	1.96583			6
2026.02.16	01:00:52.255	1.96393	1.96593			6
2026.02.16	01:00:52.435	1.96391	1.96591			6
2026.02.16	01:00:52.648	1.96389	1.96589			6
2026.02.16	01:00:53.853	1.96361	1.96561			6
2026.02.16	01:00:54.060	1.96357	1.96557			6
2026.02.16	01:00:54.271	1.96363	1.96563			6
2026.02.16	01:00:54.483	1.96369	1.96569			6
2026.02.16	01:00:54.662	1.96363	1.96563			6
2026.02.16	01:00:54.873	1.96359	1.96559			6
2026.02.16	01:00:55.052	1.96361	1.96561			6
2026.02.16	01:00:56.084	1.96357	1.96557			6
2026.02.16	01:00:56.685	1.96356	1.96556			6
2026.02.16	01:00:57.091	1.96359	1.96559			6
2026.02.16	01:00:57.270	1.96358	1.96558			6
2026.02.16	01:00:57.688	1.96342	1.96542			6
2026.02.16	01:00:57.868	1.96319	1.96519			6
2026.02.16	01:00:58.080	1.96314	1.96514			6
2026.02.16	01:00:58.291	1.96313	1.96513			6
2026.02.16	01:00:58.471	1.96315	1.96515			6
2026.02.16	01:00:59.281	1.96317	1.96517			6
2026.02.16	01:00:59.497	1.96315	1.96515			6
2026.02.16	01:00:59.829	1.96414	1.96575			6
2026.02.16	01:00:59.889		1.96574			4
2026.02.16	01:00:59.920	1.96392				2
2026.02.16	01:01:00.099	1.96392	1.96575			6
2026.02.16	01:01:00.254	1.96399				2
2026.02.16	01:01:01.289		1.96577			4
2026.02.16	01:01:01.347	1.96396				2
2026.02.16	01:01:01.710		1.96575			4
2026.02.16	01:01:02.100		1.96574			4
2026.02.16	01:01:02.701		1.96575			4
2026.02.16	01:01:02.791	1.96378				2
2026.02.16	01:01:03.242	1.96382				2
2026.02.16	01:01:03.303		1.96572			4
2026.02.16	01:01:03.423	1.96393				2
2026.02.16	01:01:03.515		1.96567			4
2026.02.16	01:01:03.543	1.96382				2
2026.02.16	01:01:03.842	1.96399				2
2026.02.16	01:01:03.904		1.96572			4
2026.02.16	01:01:04.718		1.96571			4
2026.02.16	01:01:04.925		1.96570			4
2026.02.16	01:01:05.106		1.96569			4
2026.02.16	01:01:05.704		1.96570			4
2026.02.16	01:01:05.885	1.96382				2
2026.02.16	01:01:07.910		1.96571			4
2026.02.16	01:01:08.489	1.96401				2
2026.02.16	01:01:08.611	1.96444				2
2026.02.16	01:01:08.701		1.96563			4
2026.02.16	01:01:08.792	1.96449				2
2026.02.16	01:01:08.912		1.96556			4
2026.02.16	01:01:09.609	1.96452				2
2026.02.16	01:01:09.729		1.96550			4
2026.02.16	01:01:10.661	1.96444				2
2026.02.16	01:01:10.722		1.96548			4
2026.02.16	01:01:10.750	1.96441				2
2026.02.16	01:01:10.840	1.96450				2
2026.02.16	01:01:10.931		1.96579			4
2026.02.16	01:01:11.114		1.96572			4
2026.02.16	01:01:12.318		1.96580			4
2026.02.16	01:01:12.527		1.96584			4
2026.02.16	01:01:14.725		1.96582			4
2026.02.16	01:01:15.145		1.96584			4
2026.02.16	01:01:16.144		1.96589			4
2026.02.16	01:01:16.531		1.96590			4
2026.02.16	01:01:16.949		1.96589			4
2026.02.16	01:01:17.100	1.96445				2
2026.02.16	01:01:17.160		1.96599			4
2026.02.16	01:01:17.219	1.96425				2
2026.02.16	01:01:17.311	1.96404				2
2026.02.16	01:01:17.341		1.96596			4
2026.02.16	01:01:17.431	1.96398				2
2026.02.16	01:01:17.552		1.96593			4
2026.02.16	01:01:17.762		1.96592			4
2026.02.16	01:01:17.882	1.96403				2
2026.02.16	01:01:17.944		1.96591			4
2026.02.16	01:01:18.135		1.96593			4
2026.02.16	01:01:19.311	1.96417				2
2026.02.16	01:01:19.341		1.96592			4
2026.02.16	01:01:19.801	1.96392				2
2026.02.16	01:01:19.951	1.96386	1.96565			6
2026.02.16	01:01:20.958		1.96568			4
2026.02.16	01:01:21.348		1.96565			4
2026.02.16	01:01:21.558		1.96562			4
2026.02.16	01:01:21.739		1.96560			4
2026.02.16	01:01:23.851	1.96397				2
2026.02.16	01:01:23.943		1.96558			4
2026.02.16	01:01:24.151		1.96555			4
2026.02.16	01:01:24.391	1.96402				2
2026.02.16	01:01:24.575		1.96559			4
2026.02.16	01:01:24.754		1.96555			4
2026.02.16	01:01:24.964		1.96559			4
2026.02.16	01:01:25.173		1.96555			4
2026.02.16	01:01:26.164		1.96556			4
2026.02.16	01:01:26.223	1.96400				2
2026.02.16	01:01:26.374		1.96564			4
2026.02.16	01:01:26.555		1.96562			4
2026.02.16	01:01:26.584	1.96395				2
2026.02.16	01:01:27.155	1.96411	1.96564			6
2026.02.16	01:01:27.369		1.96566			4
2026.02.16	01:01:27.488	1.96408				2
2026.02.16	01:01:27.727	1.96381				2
2026.02.16	01:01:27.969		1.96564			4
2026.02.16	01:01:28.181		1.96562			4
2026.02.16	01:01:28.573		1.96563			4
2026.02.16	01:01:28.754		1.96566			4
2026.02.16	01:01:29.263	1.96389				2
2026.02.16	01:01:29.565	1.96388	1.96564			6
2026.02.16	01:01:29.775		1.96559			4
2026.02.16	01:01:30.474	1.96400				2
2026.02.16	01:01:30.596	1.96404	1.96561			6
2026.02.16	01:01:30.775		1.96558			4
2026.02.16	01:01:30.955	1.96408	1.96553			6
2026.02.16	01:01:31.529	1.96430				2
2026.02.16	01:01:31.589		1.96552			4
2026.02.16	01:01:31.648	1.96406				2
2026.02.16	01:01:31.770		1.96545			4
2026.02.16	01:01:31.980		1.96538			4
2026.02.16	01:01:32.009	1.96428				2
2026.02.16	01:01:32.130	1.96418				2
2026.02.16	01:01:32.341	1.96451				2
2026.02.16	01:01:32.370		1.96532			4
2026.02.16	01:01:32.460	1.96417				2
2026.02.16	01:01:33.941	1.96415				2
2026.02.16	01:01:34.393		1.96529			4
2026.02.16	01:01:34.783	1.96462	1.96525			6
2026.02.16	01:01:34.902	1.96426				2
2026.02.16	01:01:34.993		1.96548			4
2026.02.16	01:01:35.174		1.96545			4
2026.02.16	01:01:35.476	1.96438				2
2026.02.16	01:01:35.596	1.96455	1.96535			6
2026.02.16	01:01:35.776		1.96527			4
2026.02.16	01:01:36.586	1.96450	1.96553			6
2026.02.16	01:01:36.797		1.96546			4
2026.02.16	01:01:37.795		1.96545			4
2026.02.16	01:01:38.336	1.96457				2
2026.02.16	01:01:38.396		1.96538			4
2026.02.16	01:01:39.027	1.96454				2
2026.02.16	01:01:39.178		1.96542			4
2026.02.16	01:01:40.207		1.96538			4
2026.02.16	01:01:41.007		1.96540			4
2026.02.16	01:01:41.188		1.96538			4
2026.02.16	01:01:42.177		1.96540			4
2026.02.16	01:01:42.298	1.96451				2
2026.02.16	01:01:42.387		1.96543			4
2026.02.16	01:01:42.807		1.96540			4
2026.02.16	01:01:42.958	1.96448				2
2026.02.16	01:01:42.987		1.96550			4
2026.02.16	01:01:44.221	1.96455				2
2026.02.16	01:01:44.799		1.96545			4
2026.02.16	01:01:45.912	1.96453				2
2026.02.16	01:01:46.002		1.96548			4
2026.02.16	01:01:46.394		1.96546			4
2026.02.16	01:01:46.543	1.96461				2
2026.02.16	01:01:46.604		1.96545			4
2026.02.16	01:01:46.814	1.96448	1.96509			6
2026.02.16	01:01:47.024		1.96506			4
2026.02.16	01:01:47.204		1.96504			4
2026.02.16	01:01:48.378	1.96463				2
2026.02.16	01:01:48.408		1.96498			4
2026.02.16	01:01:48.527	1.96476	1.96503			6
2026.02.16	01:01:48.618	1.96477	1.96504			6
2026.02.16	01:01:48.799	1.96476	1.96503			6
2026.02.16	01:01:49.009	1.96479	1.96506			6
2026.02.16	01:01:49.611	1.96476	1.96503			6
2026.02.16	01:01:49.824	1.96477	1.96504			6
2026.02.16	01:01:50.637	1.96478	1.96505			6
2026.02.16	01:01:52.323	1.96476	1.96503			6
2026.02.16	01:01:52.836		1.96506			4
2026.02.16	01:01:54.155	1.96466				2
2026.02.16	01:01:54.639		1.96502			4
2026.02.16	01:01:54.908	1.96467				2
2026.02.16	01:01:56.242		1.96506			4
2026.02.16	01:01:56.421		1.96504			4
2026.02.16	01:01:57.593	1.96472				2
2026.02.16	01:01:57.624		1.96507			4
2026.02.16	01:01:57.834		1.96506			4
2026.02.16	01:01:58.861		1.96507			4
2026.02.16	01:01:59.251		1.96506			4
2026.02.16	01:01:59.731	1.96470				2
2026.02.16	01:01:59.852		1.96515			4
2026.02.16	01:01:59.971	1.96479				2
2026.02.16	01:02:00.061	1.96479	1.96528			6
2026.02.16	01:02:00.240		1.96525			4
2026.02.16	01:02:00.660		1.96522			4
2026.02.16	01:02:01.264		1.96523			4
2026.02.16	01:02:01.352	1.96492				2
2026.02.16	01:02:01.444	1.96491	1.96518			6
2026.02.16	01:02:01.654	1.96492	1.96519			6
2026.02.16	01:02:01.773	1.96498	1.96525			6
2026.02.16	01:02:01.864	1.96492	1.96519			6
2026.02.16	01:02:02.645	1.96491	1.96518			6
2026.02.16	01:02:02.735	1.96494	1.96521			6
2026.02.16	01:02:03.124	1.96523	1.96609			6
2026.02.16	01:02:03.668		1.96610			4
2026.02.16	01:02:04.058		1.96608			4
2026.02.16	01:02:04.297	1.96515				2
2026.02.16	01:02:04.449	1.96522	1.96612			6
2026.02.16	01:02:04.479	1.96554				2
2026.02.16	01:02:04.598	1.96545				2
2026.02.16	01:02:04.659	1.96550	1.96632			6
2026.02.16	01:02:04.869		1.96631			4
2026.02.16	01:02:05.078	1.96577	1.96604			6
2026.02.16	01:02:05.471	1.96580	1.96607			6
2026.02.16	01:02:06.071	1.96582	1.96609			6
2026.02.16	01:02:06.250	1.96578	1.96605			6
2026.02.16	01:02:07.282	1.96579	1.96606			6
2026.02.16	01:02:07.857	1.96582	1.96609			6
2026.02.16	01:02:08.069	1.96581	1.96608			6
2026.02.16	01:02:08.970	1.96582	1.96609			6
2026.02.16	01:02:09.480	1.96583	1.96610			6
2026.02.16	01:02:09.691	1.96582	1.96609			6
2026.02.16	01:02:11.084	1.96581	1.96608			6
2026.02.16	01:02:11.474	1.96587	1.96614			6
2026.02.16	01:02:11.656	1.96584	1.96611			6
2026.02.16	01:02:13.083	1.96555	1.96639			6
2026.02.16	01:02:14.298		1.96641			4
2026.02.16	01:02:14.567	1.96553				2
2026.02.16	01:02:14.688		1.96636			4
2026.02.16	01:02:14.989	1.96565				2
2026.02.16	01:02:15.079		1.96643			4
2026.02.16	01:02:15.259	1.96566				2
2026.02.16	01:02:15.288	1.96589	1.96616			6
2026.02.16	01:02:19.110	1.96588	1.96615			6
2026.02.16	01:02:19.708	1.96591	1.96618			6
2026.02.16	01:02:19.890	1.96598	1.96625			6
2026.02.16	01:02:20.700	1.96594	1.96621			6
2026.02.16	01:02:20.911	1.96591	1.96618			6
2026.02.16	01:02:21.122	1.96590	1.96617			6
2026.02.16	01:02:21.331	1.96591	1.96618			6
2026.02.16	01:02:21.709	1.96590	1.96617			6
2026.02.16	01:02:21.899	1.96594	1.96621			6
2026.02.16	01:02:22.110	1.96596	1.96623			6
2026.02.16	01:02:22.532	1.96597	1.96624			6
2026.02.16	01:02:23.718	1.96599	1.96626			6
2026.02.16	01:02:23.931	1.96601	1.96628			6
2026.02.16	01:02:24.319	1.96600	1.96627			6
2026.02.16	01:02:25.523	1.96567	1.96653			6
2026.02.16	01:02:25.702		1.96656			4
2026.02.16	01:02:26.124	1.96566				2
2026.02.16	01:02:26.724	1.96565	1.96653			6
2026.02.16	01:02:26.929		1.96651			4
2026.02.16	01:02:27.140		1.96653			4
2026.02.16	01:02:27.745	1.96594	1.96621			6
2026.02.16	01:02:35.366	1.96596	1.96623			6
2026.02.16	01:02:35.545	1.96594	1.96621			6
2026.02.16	01:02:35.756	1.96591	1.96618			6
2026.02.16	01:02:35.966	1.96589	1.96616			6
2026.02.16	01:02:39.368	1.96588	1.96615			6
2026.02.16	01:02:40.570	1.96589	1.96616			6
2026.02.16	01:02:40.766	1.96588	1.96615			6
2026.02.16	01:02:41.357	1.96589	1.96616			6
2026.02.16	01:02:41.567	1.96588	1.96615			6
2026.02.16	01:02:43.792	1.96584	1.96611			6
2026.02.16	01:02:43.968	1.96582	1.96609			6
2026.02.16	01:02:45.576	1.96583	1.96610			6
2026.02.16	01:02:46.806	1.96585	1.96612			6
2026.02.16	01:02:48.587	1.96587	1.96614			6
2026.02.16	01:02:52.815	1.96588	1.96615			6
2026.02.16	01:02:53.204	1.96589	1.96616			6
2026.02.16	01:02:53.596	1.96588	1.96615			6
2026.02.16	01:02:54.619	1.96589	1.96616			6
2026.02.16	01:02:56.828	1.96591	1.96618			6
2026.02.16	01:02:57.037	1.96589	1.96616			6
2026.02.16	01:02:57.427	1.96588	1.96615			6
2026.02.16	01:02:57.819	1.96589	1.96616			6
2026.02.16	01:02:58.841	1.96586	1.96613			6
2026.02.16	01:02:59.649	1.96585	1.96612			6
2026.02.16	01:02:59.829	1.96586	1.96613			6
2026.02.16	01:03:00.040	1.96576	1.96603			6
2026.02.16	01:03:00.220	1.96575	1.96602			6
2026.02.16	01:03:01.226	1.96576	1.96603			6
2026.02.16	01:03:01.437	1.96573	1.96600			6
2026.02.16	01:03:01.649	1.96575	1.96602			6
2026.02.16	01:03:01.828	1.96576	1.96603			6
2026.02.16	01:03:02.039	1.96579	1.96606			6
2026.02.16	01:03:02.430	1.96578	1.96605			6
2026.02.16	01:03:03.835	1.96579	1.96606			6
2026.02.16	01:03:04.862	1.96578	1.96605			6
2026.02.16	01:03:05.462	1.96579	1.96606			6
2026.02.16	01:03:05.641	1.96578	1.96605			6
2026.02.16	01:03:07.069	1.96579	1.96606			6
2026.02.16	01:03:07.660	1.96586	1.96613			6
2026.02.16	01:03:07.869	1.96592	1.96619			6
2026.02.16	01:03:08.082	1.96596	1.96623			6
2026.02.16	01:03:09.670	1.96594	1.96621			6
2026.02.16	01:03:10.272	1.96593	1.96620			6
2026.02.16	01:03:13.487	1.96594	1.96621			6
2026.02.16	01:03:14.477	1.96595	1.96622			6
2026.02.16	01:03:15.485	1.96594	1.96621			6
2026.02.16	01:03:16.890	1.96597	1.96624			6
2026.02.16	01:03:17.101	1.96596	1.96623			6
2026.02.16	01:03:20.899	1.96597	1.96624			6
2026.02.16	01:03:24.301	1.96600	1.96627			6
2026.02.16	01:03:26.538	1.96599	1.96626			6
2026.02.16	01:03:27.133	1.96601	1.96628			6
2026.02.16	01:03:27.317	1.96602	1.96629			6
2026.02.16	01:03:30.751	1.96603	1.96630			6
2026.02.16	01:03:30.930	1.96606	1.96633			6
2026.02.16	01:03:31.531	1.96605	1.96632			6
2026.02.16	01:03:31.744	1.96606	1.96633			6
2026.02.16	01:03:32.134	1.96605	1.96632			6
2026.02.16	01:03:32.344	1.96607	1.96634			6
2026.02.16	01:03:32.555	1.96606	1.96633			6
2026.02.16	01:03:32.734	1.96607	1.96634			6
2026.02.16	01:03:33.154	1.96606	1.96633			6
2026.02.16	01:03:35.750	1.96605	1.96632			6
2026.02.16	01:03:39.558	1.96606	1.96633			6
2026.02.16	01:03:42.569	1.96605	1.96632			6
2026.02.16	01:03:45.771	1.96608	1.96635			6
2026.02.16	01:03:46.198	1.96609	1.96636			6
2026.02.16	01:03:47.407	1.96616	1.96643			6
2026.02.16	01:03:47.587	1.96613	1.96640			6
2026.02.16	01:03:48.793	1.96617	1.96644			6
2026.02.16	01:03:49.003	1.96613	1.96640			6
2026.02.16	01:03:49.787	1.96612	1.96639			6
2026.02.16	01:03:51.202	1.96611	1.96638			6
2026.02.16	01:03:54.017	1.96612	1.96639			6
2026.02.16	01:03:55.021	1.96610	1.96637			6
2026.02.16	01:03:56.819	1.96612	1.96639			6
2026.02.16	01:03:59.038	1.96611	1.96638			6
2026.02.16	01:04:00.443	1.96614	1.96641			6
2026.02.16	01:04:01.831	1.96620	1.96647			6
2026.02.16	01:04:04.246	1.96621	1.96648			6
2026.02.16	01:04:07.435	1.96618	1.96645			6
2026.02.16	01:04:09.065	1.96614	1.96641			6
2026.02.16	01:04:09.665	1.96621	1.96648			6
2026.02.16	01:04:10.656	1.96620	1.96647			6
2026.02.16	01:04:10.866	1.96617	1.96644			6
2026.02.16	01:04:11.077	1.96623	1.96650			6
2026.02.16	01:04:11.649	1.96622	1.96649			6
2026.02.16	01:04:13.881	1.96625	1.96652			6
2026.02.16	01:04:14.060	1.96622	1.96649			6
2026.02.16	01:04:14.681	1.96614	1.96641			6
2026.02.16	01:04:14.860	1.96615	1.96642			6
2026.02.16	01:04:16.866	1.96614	1.96641			6
2026.02.16	01:04:21.488	1.96617	1.96644			6
2026.02.16	01:04:21.886	1.96614	1.96641			6
2026.02.16	01:04:26.101	1.96615	1.96642			6
2026.02.16	01:04:29.112	1.96614	1.96641			6
2026.02.16	01:04:32.529	1.96616	1.96643			6
2026.02.16	01:04:33.945	1.96622	1.96649			6
2026.02.16	01:04:34.142	1.96625	1.96652			6
2026.02.16	01:04:35.545	1.96623	1.96650			6
2026.02.16	01:04:35.756	1.96619	1.96646			6
2026.02.16	01:04:35.935	1.96618	1.96645			6
2026.02.16	01:04:36.954	1.96617	1.96644			6
2026.02.16	01:04:39.357	1.96615	1.96642			6
2026.02.16	01:04:39.568	1.96617	1.96644			6
2026.02.16	01:04:39.779	1.96618	1.96645			6
2026.02.16	01:04:40.552	1.96619	1.96646			6
2026.02.16	01:04:40.942	1.96617	1.96644			6
2026.02.16	01:04:41.362	1.96613	1.96640			6
2026.02.16	01:04:41.574	1.96612	1.96639			6
2026.02.16	01:04:43.565	1.96614	1.96641			6
2026.02.16	01:04:46.987	1.96613	1.96640			6
2026.02.16	01:04:48.797	1.96614	1.96641			6
2026.02.16	01:04:51.185	1.96613	1.96640			6
2026.02.16	01:04:52.807	1.96614	1.96641			6
2026.02.16	01:04:54.618	1.96618	1.96645			6
2026.02.16	01:04:54.786	1.96614	1.96641			6
2026.02.16	01:04:59.624	1.96618	1.96645			6
2026.02.16	01:04:59.835	1.96617	1.96644			6
2026.02.16	01:05:00.045	1.96612	1.96639			6
2026.02.16	01:05:00.223	1.96613	1.96640			6
2026.02.16	01:05:00.824	1.96612	1.96639			6
2026.02.16	01:05:01.846	1.96613	1.96640			6
2026.02.16	01:05:03.015	1.96614	1.96641			6
2026.02.16	01:05:06.238	1.96610	1.96637			6
2026.02.16	01:05:08.459	1.96611	1.96638			6
2026.02.16	01:05:08.669	1.96617	1.96644			6
2026.02.16	01:05:14.276	1.96606	1.96633			6
2026.02.16	01:05:14.456	1.96609	1.96636			6
2026.02.16	01:05:14.666	1.96608	1.96635			6
2026.02.16	01:05:14.876	1.96606	1.96633			6
2026.02.16	01:05:17.894	1.96609	1.96636			6
2026.02.16	01:05:18.074	1.96616	1.96643			6
2026.02.16	01:05:19.076	1.96615	1.96642			6
2026.02.16	01:05:19.288	1.96614	1.96641			6
2026.02.16	01:05:22.686	1.96615	1.96642			6
2026.02.16	01:05:23.087	1.96612	1.96639			6
2026.02.16	01:05:23.718	1.96611	1.96638			6
2026.02.16	01:05:24.718	1.96612	1.96639			6
2026.02.16	01:05:26.910	1.96605	1.96632			6
2026.02.16	01:05:27.299	1.96604	1.96631			6
2026.02.16	01:05:28.115	1.96611	1.96638			6
2026.02.16	01:05:28.295	1.96614	1.96641			6
2026.02.16	01:05:32.131	1.96618	1.96645			6
2026.02.16	01:05:32.523	1.96617	1.96644			6
2026.02.16	01:05:33.337	1.96618	1.96645			6
2026.02.16	01:05:34.725	1.96617	1.96644			6
2026.02.16	01:05:34.934	1.96618	1.96645			6
2026.02.16	01:05:38.148	1.96617	1.96644			6
2026.02.16	01:05:49.772	1.96614	1.96641			6
2026.02.16	01:05:49.980	1.96617	1.96644			6
2026.02.16	01:05:56.788	1.96615	1.96642			6
2026.02.16	01:05:59.589	1.96616	1.96643			6
2026.02.16	01:06:00.008	1.96615	1.96642			6
2026.02.16	01:06:02.218	1.96618	1.96645			6
2026.02.16	01:06:04.626	1.96617	1.96644			6
2026.02.16	01:06:04.836	1.96615	1.96642			6
2026.02.16	01:06:05.016	1.96614	1.96641			6
2026.02.16	01:06:05.436	1.96618	1.96645			6
2026.02.16	01:06:06.426	1.96615	1.96642			6
2026.02.16	01:06:09.233	1.96618	1.96645			6
2026.02.16	01:06:14.645	1.96615	1.96642			6
2026.02.16	01:06:19.672	1.96616	1.96643			6
2026.02.16	01:06:32.727	1.96617	1.96644			6
2026.02.16	01:06:35.323	1.96620	1.96647			6
2026.02.16	01:06:38.741	1.96617	1.96644			6
2026.02.16	01:06:39.345	1.96616	1.96643			6
2026.02.16	01:06:40.146	1.96619	1.96646			6
2026.02.16	01:06:40.548	1.96616	1.96643			6
2026.02.16	01:06:41.938	1.96618	1.96645			6
2026.02.16	01:06:43.546	1.96616	1.96643			6
2026.02.16	01:06:54.774	1.96617	1.96644			6
2026.02.16	01:06:58.596	1.96618	1.96645			6
2026.02.16	01:06:58.806	1.96617	1.96644			6
2026.02.16	01:06:58.987	1.96612	1.96639			6
2026.02.16	01:07:00.009	1.96611	1.96638			6
2026.02.16	01:07:00.193	1.96615	1.96642			6
2026.02.16	01:07:11.813	1.96616	1.96643			6
2026.02.16	01:07:12.082	1.96617	1.96644			6
2026.02.16	01:07:19.662	1.96616	1.96643			6
2026.02.16	01:07:24.876	1.96617	1.96644			6
2026.02.16	01:07:25.086	1.96619	1.96646			6
2026.02.16	01:07:33.313	1.96616	1.96643			6
2026.02.16	01:07:35.892	1.96615	1.96642			6
2026.02.16	01:07:36.102	1.96616	1.96643			6
2026.02.16	01:07:37.908	1.96615	1.96642			6
2026.02.16	01:07:38.899	1.96616	1.96643			6
2026.02.16	01:07:41.324	1.96615	1.96642			6
2026.02.16	01:07:44.721	1.96616	1.96643			6
2026.02.16	01:07:44.934	1.96615	1.96642			6
2026.02.16	01:07:47.335	1.96616	1.96643			6
2026.02.16	01:07:51.350	1.96615	1.96642			6
2026.02.16	01:07:53.746	1.96616	1.96643			6
2026.02.16	01:07:55.428	1.96615	1.96642			6
2026.02.16	01:07:55.549	1.96609	1.96636			6
2026.02.16	01:08:10.123	1.96607	1.96634			6
2026.02.16	01:08:10.213	1.96601	1.96628			6
2026.02.16	01:08:11.286	1.96599	1.96626			6
2026.02.16	01:08:11.816	1.96602	1.96629			6
2026.02.16	01:08:11.879	1.96604	1.96631			6
2026.02.16	01:08:13.230	1.96603	1.96630			6
2026.02.16	01:08:15.811	1.96602	1.96629			6
2026.02.16	01:08:17.444	1.96603	1.96630			6
2026.02.16	01:08:18.540	1.96602	1.96629			6
2026.02.16	01:08:21.451	1.96603	1.96630			6
2026.02.16	01:08:24.663	1.96604	1.96631			6
2026.02.16	01:08:25.658	1.96603	1.96630			6
2026.02.16	01:08:28.052	1.96602	1.96629			6
2026.02.16	01:08:28.267	1.96605	1.96632			6
2026.02.16	01:08:28.829	1.96606	1.96633			6
2026.02.16	01:08:33.883	1.96605	1.96632			6
2026.02.16	01:08:34.035	1.96607	1.96634			6
2026.02.16	01:08:34.094	1.96612	1.96639			6
2026.02.16	01:08:34.485	1.96610	1.96637			6
2026.02.16	01:08:34.694	1.96612	1.96639			6
2026.02.16	01:08:35.078	1.96611	1.96638			6
2026.02.16	01:08:35.319	1.96610	1.96637			6
2026.02.16	01:08:37.711	1.96609	1.96636			6
2026.02.16	01:08:37.891	1.96608	1.96635			6
2026.02.16	01:08:38.106	1.96609	1.96636			6
2026.02.16	01:08:39.892	1.96606	1.96633			6
2026.02.16	01:08:40.312	1.96607	1.96634			6
2026.02.16	01:08:42.503	1.96608	1.96635			6
2026.02.16	01:08:47.519	1.96607	1.96634			6
2026.02.16	01:08:48.230	1.96608	1.96635			6
2026.02.16	01:08:54.945	1.96607	1.96634			6
2026.02.16	01:08:55.963	1.96608	1.96635			6
2026.02.16	01:08:59.783	1.96609	1.96636			6
2026.02.16	01:09:02.570	1.96608	1.96635			6
2026.02.16	01:09:17.842	1.96609	1.96636			6
2026.02.16	01:09:20.031	1.96606	1.96633			6
2026.02.16	01:09:20.240	1.96609	1.96636			6
2026.02.16	01:09:20.451	1.96606	1.96633			6
2026.02.16	01:09:24.258	1.96608	1.96635			6
2026.02.16	01:09:28.282	1.96607	1.96634			6
2026.02.16	01:09:30.075	1.96608	1.96635			6
2026.02.16	01:09:32.886	1.96607	1.96634			6
2026.02.16	01:09:34.480	1.96608	1.96635			6
2026.02.16	01:09:34.697	1.96611	1.96638			6
2026.02.16	01:09:34.881	1.96612	1.96639			6
2026.02.16	01:09:35.151	1.96613	1.96640			6
2026.02.16	01:09:38.691	1.96614	1.96641			6
2026.02.16	01:09:59.562	1.96617	1.96644			6
2026.02.16	01:09:59.771	1.96614	1.96641			6
2026.02.16	01:09:59.801	1.96615	1.96642			6
2026.02.16	01:09:59.892	1.96614	1.96641			6
2026.02.16	01:09:59.983	1.96620	1.96647			6
2026.02.16	01:10:00.042	1.96619	1.96646			6
2026.02.16	01:10:00.161	1.96613	1.96640			6
2026.02.16	01:10:00.561	1.96616	1.96643			6
2026.02.16	01:10:01.570	1.96613	1.96640			6
2026.02.16	01:10:03.992	1.96609	1.96636			6
2026.02.16	01:10:04.535	1.96608	1.96635			6
2026.02.16	01:10:04.566	1.96606	1.96633			6
2026.02.16	01:10:04.655	1.96605	1.96632			6
2026.02.16	01:10:04.777	1.96599	1.96626			6
2026.02.16	01:10:05.378	1.96598	1.96625			6
2026.02.16	01:10:05.588	1.96597	1.96624			6
2026.02.16	01:10:09.612	1.96596	1.96623			6
2026.02.16	01:10:10.184	1.96599	1.96626			6
2026.02.16	01:10:11.413	1.96600	1.96627			6
2026.02.16	01:10:12.183	1.96599	1.96626			6
2026.02.16	01:10:12.808	1.96600	1.96627			6
2026.02.16	01:10:12.928	1.96599	1.96626			6
2026.02.16	01:10:13.019	1.96593	1.96620			6
2026.02.16	01:10:13.414	1.96596	1.96623			6
2026.02.16	01:10:13.806	1.96593	1.96620			6
2026.02.16	01:10:22.621	1.96590	1.96617			6
2026.02.16	01:10:26.648	1.96593	1.96620			6
2026.02.16	01:10:34.683	1.96590	1.96617			6
2026.02.16	01:10:34.864	1.96593	1.96620			6
2026.02.16	01:10:41.282	1.96594	1.96621			6
2026.02.16	01:10:41.492	1.96593	1.96620			6
2026.02.16	01:10:43.687	1.96594	1.96621			6
2026.02.16	01:10:44.890	1.96590	1.96617			6
2026.02.16	01:10:48.506	1.96592	1.96619			6
2026.02.16	01:10:48.714	1.96595	1.96622			6
2026.02.16	01:10:48.894	1.96596	1.96623			6
2026.02.16	01:10:50.522	1.96595	1.96622			6
2026.02.16	01:10:57.753	1.96594	1.96621			6
2026.02.16	01:11:05.595	1.96599	1.96626			6
2026.02.16	01:11:06.770	1.96600	1.96627			6
2026.02.16	01:11:11.483	1.96598	1.96625			6
2026.02.16	01:11:11.605	1.96599	1.96626			6
2026.02.16	01:11:11.783	1.96597	1.96624			6
2026.02.16	01:11:12.590	1.96596	1.96623			6
2026.02.16	01:11:14.795	1.96594	1.96621			6
2026.02.16	01:11:19.800	1.96595	1.96622			6
2026.02.16	01:11:22.019	1.96594	1.96621			6
2026.02.16	01:11:22.140	1.96592	1.96619			6
2026.02.16	01:11:22.202	1.96589	1.96616			6
2026.02.16	01:11:22.418	1.96588	1.96615			6
2026.02.16	01:11:23.220	1.96584	1.96611			6
2026.02.16	01:11:23.611	1.96585	1.96612			6
2026.02.16	01:11:26.233	1.96586	1.96613			6
2026.02.16	01:11:29.663	1.96589	1.96616			6
2026.02.16	01:11:29.843	1.96588	1.96615			6
2026.02.16	01:11:31.654	1.96591	1.96618			6
2026.02.16	01:11:31.864	1.96593	1.96620			6
2026.02.16	01:11:32.048	1.96596	1.96623			6
2026.02.16	01:11:32.257	1.96590	1.96617			6
2026.02.16	01:11:32.853	1.96591	1.96618			6
2026.02.16	01:11:33.040	1.96590	1.96617			6
2026.02.16	01:11:33.643	1.96593	1.96620			6
2026.02.16	01:11:34.666	1.96590	1.96617			6
2026.02.16	01:11:34.845	1.96593	1.96620			6
2026.02.16	01:11:38.872	1.96594	1.96621			6
2026.02.16	01:11:39.083	1.96591	1.96618			6
2026.02.16	01:11:40.070	1.96590	1.96617			6
2026.02.16	01:11:40.281	1.96593	1.96620			6
2026.02.16	01:11:41.671	1.96596	1.96623			6
2026.02.16	01:11:42.091	1.96595	1.96622			6
2026.02.16	01:11:42.301	1.96594	1.96621			6
2026.02.16	01:11:44.083	1.96595	1.96622			6
2026.02.16	01:11:51.499	1.96594	1.96621			6
2026.02.16	01:11:52.522	1.96595	1.96622			6
2026.02.16	01:11:53.918	1.96600	1.96627			6
2026.02.16	01:11:54.128	1.96599	1.96626			6
2026.02.16	01:11:55.912	1.96598	1.96625			6
2026.02.16	01:11:58.731	1.96599	1.96626			6
2026.02.16	01:11:59.534	1.96598	1.96625			6
2026.02.16	01:12:00.739	1.96599	1.96626			6
2026.02.16	01:12:00.919	1.96598	1.96625			6
2026.02.16	01:12:10.560	1.96601	1.96628			6
2026.02.16	01:12:23.601	1.96598	1.96625			6
2026.02.16	01:12:27.621	1.96605	1.96632			6
2026.02.16	01:12:27.831	1.96604	1.96631			6
2026.02.16	01:12:29.830	1.96605	1.96632			6
2026.02.16	01:12:30.430	1.96601	1.96628			6
2026.02.16	01:12:31.457	1.96600	1.96627			6
2026.02.16	01:12:31.638	1.96601	1.96628			6
2026.02.16	01:12:33.042	1.96598	1.96625			6
2026.02.16	01:12:39.660	1.96600	1.96627			6
2026.02.16	01:12:40.051	1.96601	1.96628			6
2026.02.16	01:12:40.472	1.96605	1.96632			6
2026.02.16	01:12:42.454	1.96601	1.96628			6
2026.02.16	01:12:44.895	1.96605	1.96632			6
2026.02.16	01:12:45.080	1.96606	1.96633			6
2026.02.16	01:12:45.483	1.96604	1.96631			6
2026.02.16	01:12:46.680	1.96602	1.96629			6
2026.02.16	01:12:47.682	1.96603	1.96630			6
2026.02.16	01:12:49.484	1.96602	1.96629			6
2026.02.16	01:12:52.498	1.96603	1.96630			6
2026.02.16	01:12:52.902	1.96602	1.96629			6
2026.02.16	01:12:53.703	1.96605	1.96632			6
2026.02.16	01:12:53.911	1.96604	1.96631			6
2026.02.16	01:12:54.718	1.96600	1.96627			6
2026.02.16	01:12:54.897	1.96597	1.96624			6
2026.02.16	01:12:56.113	1.96598	1.96625			6
2026.02.16	01:12:59.919	1.96605	1.96632			6
2026.02.16	01:13:00.523	1.96604	1.96631			6
2026.02.16	01:13:00.732	1.96603	1.96630			6
2026.02.16	01:13:06.539	1.96606	1.96633			6
2026.02.16	01:13:08.962	1.96603	1.96630			6
2026.02.16	01:13:09.153	1.96606	1.96633			6
2026.02.16	01:13:12.164	1.96603	1.96630			6
2026.02.16	01:13:18.394	1.96599	1.96626			6
2026.02.16	01:13:18.424	1.96597	1.96624			6
2026.02.16	01:13:18.604	1.96589	1.96616			6
2026.02.16	01:13:19.379	1.96588	1.96615			6
2026.02.16	01:13:20.384	1.96589	1.96616			6
2026.02.16	01:13:23.410	1.96588	1.96615			6
2026.02.16	01:13:25.421	1.96589	1.96616			6
2026.02.16	01:13:26.416	1.96592	1.96619			6
2026.02.16	01:13:27.612	1.96591	1.96618			6
2026.02.16	01:13:28.612	1.96588	1.96615			6
2026.02.16	01:13:28.821	1.96589	1.96616			6
2026.02.16	01:13:33.033	1.96592	1.96619			6
2026.02.16	01:13:36.242	1.96591	1.96618			6
2026.02.16	01:13:36.459	1.96592	1.96619			6
2026.02.16	01:13:38.452	1.96586	1.96613			6
2026.02.16	01:13:38.662	1.96585	1.96612			6
2026.02.16	01:13:39.678	1.96584	1.96611			6
