<DATE>	<TIME>	<BID>	<ASK>	<LAST>	<VOLUME>	<FLAGS>
2026.04.03	00:00:03.998	2.01822	2.01973			6
2026.04.03	00:00:11.890	2.02022	2.02222			6
2026.04.03	00:00:12.882	2.02025	2.02225			6
2026.04.03	00:00:14.229	2.02026	2.02226			6
2026.04.03	00:00:14.785	2.02027	2.02227			6
2026.04.03	00:00:14.817	2.02028	2.02228			6
2026.04.03	00:00:15.982	2.02029	2.02229			6
2026.04.03	00:00:23.413	2.02017	2.02044			6
2026.04.03	00:00:31.120	2.02030	2.02057			6
2026.04.03	00:00:51.012	2.01974	2.02115			6
2026.04.03	00:01:01.708	2.01925				2
2026.04.03	00:01:06.660	2.01947				2
2026.04.03	00:01:11.712	2.01955				2
2026.04.03	00:01:32.944	2.01963	2.02062			6
2026.04.03	00:02:00.463	2.02019	2.02048			6
2026.04.03	00:02:03.235	2.02018				2
2026.04.03	00:02:42.993	2.02017				2
2026.04.03	00:03:30.429	2.02017	2.02055			6
2026.04.03	00:03:52.852		2.02048			4
2026.04.03	00:04:00.244	2.02016				2
2026.04.03	00:04:02.050	2.02015				2
2026.04.03	00:04:25.451		2.02055			4
2026.04.03	00:04:37.575	2.02014				2
2026.04.03	00:05:00.241	2.02015				2
2026.04.03	00:05:00.452	2.02010				2
2026.04.03	00:05:00.598		2.02048			4
2026.04.03	00:05:00.659	2.02023	2.02050			6
2026.04.03	00:05:00.690	2.02024	2.02055			6
2026.04.03	00:05:00.861	2.02031	2.02058			6
2026.04.03	00:05:02.353	2.02027	2.02054			6
2026.04.03	00:05:05.247	2.02033	2.02060			6
2026.04.03	00:05:05.507	2.02044	2.02078			6
2026.04.03	00:05:05.690	2.02048				2
2026.04.03	00:05:11.476	2.02047				2
2026.04.03	00:05:13.268	2.02046				2
2026.04.03	00:05:13.507	2.02039				2
2026.04.03	00:05:15.304	2.02046				2
2026.04.03	00:05:17.806	2.02034	2.02061			6
2026.04.03	00:05:40.001	2.02028	2.02055			6
2026.04.03	00:05:42.896	2.02035	2.02143			6
2026.04.03	00:05:52.067		2.02144			4
2026.04.03	00:05:52.605		2.02149			4
2026.04.03	00:05:56.890		2.02148			4
2026.04.03	00:05:57.073	2.02064				2
2026.04.03	00:06:05.091	2.02036				2
2026.04.03	00:06:06.686	2.02028				2
2026.04.03	00:06:37.385		2.02149			4
2026.04.03	00:06:37.572	2.02031				2
2026.04.03	00:07:23.666	2.01840	2.02140			6
2026.04.03	00:07:26.737	2.02038				2
2026.04.03	00:07:26.934	2.02037				2
2026.04.03	00:07:27.107	2.02048				2
2026.04.03	00:07:27.322	2.02037				2
2026.04.03	00:07:27.645		2.02139			4
2026.04.03	00:07:27.675		2.02140			4
2026.04.03	00:07:28.046		2.02139			4
2026.04.03	00:07:28.075		2.02140			4
2026.04.03	00:07:28.135	2.02045				2
2026.04.03	00:07:28.166		2.02139			4
2026.04.03	00:07:28.197		2.02140			4
2026.04.03	00:07:28.257		2.02139			4
2026.04.03	00:07:28.303		2.02140			4
2026.04.03	00:07:28.333	2.02037	2.02139			6
2026.04.03	00:07:28.363		2.02140			4
2026.04.03	00:07:28.452		2.02139			4
2026.04.03	00:07:28.543		2.02140			4
2026.04.03	00:07:28.573		2.02139			4
2026.04.03	00:07:28.618		2.02140			4
2026.04.03	00:07:28.746	2.02045				2
2026.04.03	00:07:28.806		2.02139			4
2026.04.03	00:07:28.835		2.02140			4
2026.04.03	00:07:28.895		2.02139			4
2026.04.03	00:07:28.927	2.02037				2
2026.04.03	00:07:28.957		2.02140			4
2026.04.03	00:07:29.016		2.02139			4
2026.04.03	00:07:29.076		2.02140			4
2026.04.03	00:07:29.122		2.02139			4
2026.04.03	00:07:29.153		2.02140			4
2026.04.03	00:07:29.184		2.02139			4
2026.04.03	00:07:29.276		2.02140			4
2026.04.03	00:07:29.337		2.02139			4
2026.04.03	00:07:29.366		2.02140			4
2026.04.03	00:07:29.487		2.02139			4
2026.04.03	00:07:29.516		2.02140			4
2026.04.03	00:07:29.546	2.02045				2
2026.04.03	00:07:29.605		2.02139			4
2026.04.03	00:07:29.635		2.02140			4
2026.04.03	00:07:29.696		2.02139			4
2026.04.03	00:07:29.756	2.02037	2.02140			6
2026.04.03	00:07:29.816		2.02139			4
2026.04.03	00:07:29.858		2.02140			4
2026.04.03	00:07:29.950	2.02032				2
2026.04.03	00:07:30.002		2.02139			4
2026.04.03	00:07:30.032		2.02140			4
2026.04.03	00:07:30.083		2.02139			4
2026.04.03	00:07:30.114		2.02140			4
2026.04.03	00:07:30.144	2.02039				2
2026.04.03	00:07:30.178		2.02139			4
2026.04.03	00:07:30.209		2.02140			4
2026.04.03	00:07:30.257		2.02139			4
2026.04.03	00:07:30.318		2.02140			4
2026.04.03	00:07:30.348	2.02032				2
2026.04.03	00:07:30.377		2.02139			4
2026.04.03	00:07:30.418		2.02140			4
2026.04.03	00:07:30.482		2.02139			4
2026.04.03	00:07:30.512		2.02140			4
2026.04.03	00:07:30.543	2.02039	2.02139			6
2026.04.03	00:07:30.578		2.02140			4
2026.04.03	00:07:30.608		2.02139			4
2026.04.03	00:07:30.638		2.02140			4
2026.04.03	00:07:30.697		2.02139			4
2026.04.03	00:07:30.728	2.02028	2.02140			6
2026.04.03	00:07:30.757		2.02139			4
2026.04.03	00:07:30.788		2.02140			4
2026.04.03	00:07:30.848		2.02139			4
2026.04.03	00:07:30.879		2.02140			4
2026.04.03	00:07:30.938	2.02035				2
2026.04.03	00:07:30.967		2.02139			4
2026.04.03	00:07:30.997		2.02140			4
2026.04.03	00:07:31.089		2.02139			4
2026.04.03	00:07:31.119		2.02140			4
2026.04.03	00:07:31.149	2.02031				2
2026.04.03	00:07:31.210		2.02139			4
2026.04.03	00:07:31.240		2.02140			4
2026.04.03	00:07:31.269		2.02139			4
2026.04.03	00:07:31.299		2.02140			4
2026.04.03	00:07:31.329		2.02139			4
2026.04.03	00:07:31.359		2.02140			4
2026.04.03	00:07:31.403		2.02139			4
2026.04.03	00:07:31.433		2.02140			4
2026.04.03	00:07:31.530		2.02139			4
2026.04.03	00:07:31.560		2.02140			4
2026.04.03	00:07:31.591		2.02139			4
2026.04.03	00:07:31.621		2.02140			4
2026.04.03	00:07:31.652		2.02139			4
2026.04.03	00:07:31.682		2.02140			4
2026.04.03	00:07:31.742	2.02036				2
2026.04.03	00:07:31.770		2.02139			4
2026.04.03	00:07:31.801		2.02140			4
2026.04.03	00:07:31.831		2.02139			4
2026.04.03	00:07:31.860		2.02140			4
2026.04.03	00:07:31.891		2.02139			4
2026.04.03	00:07:31.923		2.02140			4
2026.04.03	00:07:31.953	2.02029				2
2026.04.03	00:07:32.043		2.02139			4
2026.04.03	00:07:32.074		2.02140			4
2026.04.03	00:07:32.153	2.02036	2.02139			6
2026.04.03	00:07:32.182		2.02140			4
2026.04.03	00:07:32.211		2.02139			4
2026.04.03	00:07:32.241		2.02140			4
2026.04.03	00:07:32.335		2.02139			4
2026.04.03	00:07:32.394		2.02140			4
2026.04.03	00:07:32.443		2.02139			4
2026.04.03	00:07:32.473		2.02140			4
2026.04.03	00:07:32.533	2.02029	2.02139			6
2026.04.03	00:07:32.593		2.02140			4
2026.04.03	00:07:32.657		2.02139			4
2026.04.03	00:07:32.698		2.02140			4
2026.04.03	00:07:32.728		2.02139			4
2026.04.03	00:07:32.758		2.02140			4
2026.04.03	00:07:32.846		2.02138			4
2026.04.03	00:07:32.906		2.02139			4
2026.04.03	00:07:32.936		2.02138			4
2026.04.03	00:07:32.967	2.02048				2
2026.04.03	00:07:32.996		2.02139			4
2026.04.03	00:07:33.060		2.02138			4
2026.04.03	00:07:33.090		2.02139			4
2026.04.03	00:07:33.120		2.02138			4
2026.04.03	00:07:33.151	2.02041	2.02139			6
2026.04.03	00:07:33.210		2.02138			4
2026.04.03	00:07:33.240		2.02139			4
2026.04.03	00:07:33.283		2.02138			4
2026.04.03	00:07:33.313		2.02139			4
2026.04.03	00:07:33.344	2.02048				2
2026.04.03	00:07:33.374		2.02138			4
2026.04.03	00:07:33.404		2.02139			4
2026.04.03	00:07:33.467		2.02138			4
2026.04.03	00:07:33.497		2.02139			4
2026.04.03	00:07:33.527		2.02138			4
2026.04.03	00:07:33.557		2.02139			4
2026.04.03	00:07:33.616		2.02138			4
2026.04.03	00:07:33.675		2.02139			4
2026.04.03	00:07:33.706		2.02138			4
2026.04.03	00:07:33.736		2.02139			4
2026.04.03	00:07:33.767	2.02041	2.02138			6
2026.04.03	00:07:33.796		2.02139			4
2026.04.03	00:07:33.893		2.02138			4
2026.04.03	00:07:33.922		2.02139			4
2026.04.03	00:07:34.002		2.02138			4
2026.04.03	00:07:34.032		2.02139			4
2026.04.03	00:07:34.113		2.02140			4
2026.04.03	00:07:34.174	2.02048	2.02139			6
2026.04.03	00:07:34.218		2.02140			4
2026.04.03	00:07:34.278		2.02139			4
2026.04.03	00:07:34.354	2.02041	2.02140			6
2026.04.03	00:07:34.413		2.02139			4
2026.04.03	00:07:34.473		2.02140			4
2026.04.03	00:07:34.568	2.02048	2.02139			6
2026.04.03	00:07:34.598		2.02140			4
2026.04.03	00:07:34.692		2.02139			4
2026.04.03	00:07:34.722		2.02140			4
2026.04.03	00:07:34.783		2.02139			4
2026.04.03	00:07:34.841		2.02140			4
2026.04.03	00:07:34.883		2.02139			4
2026.04.03	00:07:34.914		2.02140			4
2026.04.03	00:07:34.974		2.02139			4
2026.04.03	00:07:35.004		2.02140			4
2026.04.03	00:07:35.034		2.02139			4
2026.04.03	00:07:35.098		2.02140			4
2026.04.03	00:07:35.128		2.02139			4
2026.04.03	00:07:35.157	2.02041	2.02140			6
2026.04.03	00:07:35.203		2.02139			4
2026.04.03	00:07:35.233		2.02140			4
2026.04.03	00:07:35.317		2.02139			4
2026.04.03	00:07:35.388		2.02140			4
2026.04.03	00:07:35.418		2.02139			4
2026.04.03	00:07:35.478		2.02140			4
2026.04.03	00:07:35.521		2.02139			4
2026.04.03	00:07:35.551		2.02140			4
2026.04.03	00:07:35.612		2.02139			4
2026.04.03	00:07:35.642		2.02140			4
2026.04.03	00:07:35.672		2.02139			4
2026.04.03	00:07:38.060		2.02140			4
2026.04.03	00:07:38.184	2.02064				2
2026.04.03	00:07:38.379	2.02054				2
2026.04.03	00:07:39.187	2.02053				2
2026.04.03	00:07:40.777	2.02052				2
2026.04.03	00:07:41.979	2.02051				2
2026.04.03	00:07:43.984	2.02050				2
2026.04.03	00:07:47.583	2.02049				2
2026.04.03	00:07:52.827	2.02048				2
2026.04.03	00:07:53.923		2.02136			4
2026.04.03	00:07:54.051	2.02047				2
2026.04.03	00:07:56.075		2.02135			4
2026.04.03	00:08:01.877	2.02047	2.02134			6
2026.04.03	00:08:01.986		2.02129			4
2026.04.03	00:08:02.058		2.02135			4
2026.04.03	00:08:12.896	2.02030				2
2026.04.03	00:08:13.889	2.02029				2
2026.04.03	00:08:16.063		2.02136			4
2026.04.03	00:08:16.710	2.02030				2
2026.04.03	00:08:19.105	2.02029				2
2026.04.03	00:08:20.731	2.02034				2
2026.04.03	00:08:28.084		2.02138			4
2026.04.03	00:08:32.062		2.02135			4
2026.04.03	00:08:34.066		2.02136			4
2026.04.03	00:08:35.713		2.02135			4
2026.04.03	00:08:35.773	2.02023				2
2026.04.03	00:08:38.090		2.02134			4
2026.04.03	00:08:39.581	2.02022				2
2026.04.03	00:08:45.912		2.02131			4
2026.04.03	00:08:45.941		2.02134			4
2026.04.03	00:08:47.137		2.02131			4
2026.04.03	00:08:47.167		2.02133			4
2026.04.03	00:08:51.328		2.02134			4
2026.04.03	00:08:51.387		2.02131			4
2026.04.03	00:08:53.924		2.02134			4
2026.04.03	00:08:54.015		2.02131			4
2026.04.03	00:08:54.044		2.02134			4
2026.04.03	00:08:55.124		2.02131			4
2026.04.03	00:09:03.923	2.02022	2.02134			6
2026.04.03	00:09:03.984		2.02131			4
2026.04.03	00:09:04.066		2.02132			4
2026.04.03	00:09:07.090	2.02041				2
2026.04.03	00:09:12.488	2.02042				2
2026.04.03	00:09:13.753		2.02135			4
2026.04.03	00:09:13.950		2.02133			4
2026.04.03	00:09:13.979		2.02132			4
2026.04.03	00:09:16.062		2.02133			4
2026.04.03	00:09:20.747	2.02019				2
2026.04.03	00:09:23.954		2.02134			4
2026.04.03	00:09:28.061		2.02131			4
2026.04.03	00:09:31.170		2.02130			4
2026.04.03	00:09:38.169	2.02032				2
2026.04.03	00:09:40.792	2.02033				2
2026.04.03	00:09:41.299		2.02129			4
2026.04.03	00:09:52.068		2.02132			4
2026.04.03	00:10:00.684	2.02033	2.02085			6
2026.04.03	00:10:00.922		2.02070			4
2026.04.03	00:10:01.362		2.02071			4
2026.04.03	00:10:01.453	2.02032				2
2026.04.03	00:10:02.666	2.02026				2
2026.04.03	00:10:02.786		2.02073			4
2026.04.03	00:10:02.878	2.02021				2
2026.04.03	00:10:03.994		2.02071			4
2026.04.03	00:10:04.874		2.02073			4
2026.04.03	00:10:06.257		2.02070			4
2026.04.03	00:10:06.288		2.02071			4
2026.04.03	00:10:06.317		2.02073			4
2026.04.03	00:10:06.348		2.02070			4
2026.04.03	00:10:06.470	2.02032				2
2026.04.03	00:10:06.897		2.02067			4
2026.04.03	00:10:07.677	2.02027				2
2026.04.03	00:10:08.866	2.02029				2
2026.04.03	00:10:12.696	2.02033				2
2026.04.03	00:10:12.923		2.02063			4
2026.04.03	00:10:13.530		2.02062			4
2026.04.03	00:10:17.329	2.02029				2
2026.04.03	00:10:18.898		2.02078			4
2026.04.03	00:10:22.246		2.02080			4
2026.04.03	00:10:22.276		2.02078			4
2026.04.03	00:10:22.337	2.02032				2
2026.04.03	00:10:24.907		2.02080			4
2026.04.03	00:10:25.141	2.02033				2
2026.04.03	00:10:27.144		2.02084			4
2026.04.03	00:10:27.174	2.02030	2.02080			6
2026.04.03	00:10:27.338	2.02029				2
2026.04.03	00:10:28.753	2.02030				2
2026.04.03	00:10:29.263		2.02081			4
2026.04.03	00:10:29.353	2.02033				2
2026.04.03	00:10:31.756		2.02082			4
2026.04.03	00:10:31.786		2.02081			4
2026.04.03	00:10:31.924		2.02078			4
2026.04.03	00:10:31.983	2.02032				2
2026.04.03	00:10:32.766	2.02034				2
2026.04.03	00:10:33.566	2.02035				2
2026.04.03	00:10:34.771	2.02034				2
2026.04.03	00:10:38.791	2.02035				2
2026.04.03	00:10:44.979		2.02076			4
2026.04.03	00:10:45.011	2.02034	2.02078			6
2026.04.03	00:10:45.219	2.02035				2
2026.04.03	00:10:47.132		2.02077			4
2026.04.03	00:10:47.202	2.02028				2
2026.04.03	00:10:50.219		2.02073			4
2026.04.03	00:11:10.105	2.02036	2.02138			6
2026.04.03	00:11:10.753		2.02103			4
2026.04.03	00:11:10.843		2.02127			4
2026.04.03	00:11:10.905	2.02023				2
2026.04.03	00:11:11.829		2.02108			4
2026.04.03	00:11:11.888	2.02019	2.02127			6
2026.04.03	00:11:12.106	2.02027				2
2026.04.03	00:11:14.103	2.02020				2
2026.04.03	00:11:14.949		2.02118			4
2026.04.03	00:11:15.047		2.02127			4
2026.04.03	00:11:15.108	2.02023				2
2026.04.03	00:11:16.700	2.02024				2
2026.04.03	00:11:23.952		2.02103			4
2026.04.03	00:11:24.043		2.02127			4
2026.04.03	00:11:24.133	2.02022				2
2026.04.03	00:11:24.962		2.02118			4
2026.04.03	00:11:25.023		2.02127			4
2026.04.03	00:11:25.146	2.02023				2
2026.04.03	00:11:28.354	2.02024				2
2026.04.03	00:11:33.964	2.01989	2.02113			6
2026.04.03	00:11:34.043		2.02127			4
2026.04.03	00:11:34.154	2.02028				2
2026.04.03	00:11:34.949		2.02113			4
2026.04.03	00:11:34.982	2.01984				2
2026.04.03	00:11:35.161	2.01979				2
2026.04.03	00:11:36.989	2.01975				2
2026.04.03	00:11:39.967		2.02104			4
2026.04.03	00:11:40.379	2.01976				2
2026.04.03	00:11:43.949		2.02109			4
2026.04.03	00:11:43.979		2.02105			4
2026.04.03	00:11:44.009	2.01975				2
2026.04.03	00:11:45.255		2.02109			4
2026.04.03	00:11:45.287		2.02105			4
2026.04.03	00:11:45.406	2.01976				2
2026.04.03	00:11:46.888		2.02106			4
2026.04.03	00:11:50.000		2.02109			4
2026.04.03	00:11:50.030		2.02106			4
2026.04.03	00:11:50.211	2.01975				2
2026.04.03	00:11:52.263		2.02107			4
2026.04.03	00:11:52.702		2.02108			4
2026.04.03	00:11:53.242	2.01974				2
2026.04.03	00:11:53.944		2.02111			4
2026.04.03	00:11:56.257	2.01971				2
2026.04.03	00:11:57.676		2.02109			4
2026.04.03	00:11:59.272	2.01972				2
2026.04.03	00:12:01.249	2.01965				2
2026.04.03	00:12:03.656	2.01972				2
2026.04.03	00:12:03.961		2.02108			4
2026.04.03	00:12:04.550		2.02107			4
2026.04.03	00:12:04.672	2.01970				2
2026.04.03	00:12:05.464		2.02108			4
2026.04.03	00:12:05.927		2.02116			4
2026.04.03	00:12:06.090	2.01975				2
2026.04.03	00:12:06.643		2.02108			4
2026.04.03	00:12:06.675	2.01970				2
2026.04.03	00:12:07.293		2.02109			4
2026.04.03	00:12:07.477	2.01971				2
2026.04.03	00:12:07.969		2.02100			4
2026.04.03	00:12:08.001		2.02096			4
2026.04.03	00:12:08.091	2.01970				2
2026.04.03	00:12:16.577		2.02095			4
2026.04.03	00:12:21.694		2.02096			4
2026.04.03	00:12:33.093		2.02098			4
2026.04.03	00:12:33.153	2.01972				2
2026.04.03	00:12:36.980	2.01966				2
2026.04.03	00:12:38.383		2.02055			4
2026.04.03	00:12:43.178	2.01967				2
2026.04.03	00:12:46.253		2.02073			4
2026.04.03	00:12:46.314		2.02075			4
2026.04.03	00:12:46.343		2.02073			4
2026.04.03	00:12:52.024	2.02007				2
2026.04.03	00:12:56.559		2.02070			4
2026.04.03	00:12:56.591		2.02064			4
2026.04.03	00:12:56.622	2.02011				2
2026.04.03	00:12:57.024	2.02007				2
2026.04.03	00:12:59.190		2.02065			4
2026.04.03	00:13:02.034	2.02008				2
2026.04.03	00:13:05.134		2.02064			4
2026.04.03	00:13:05.264	2.02007				2
2026.04.03	00:13:06.867	2.01996				2
2026.04.03	00:13:07.049	2.01993				2
2026.04.03	00:13:07.573		2.02065			4
2026.04.03	00:13:10.804		2.02067			4
2026.04.03	00:13:10.834		2.02071			4
2026.04.03	00:13:10.874	2.02000				2
2026.04.03	00:13:15.665		2.02072			4
2026.04.03	00:13:26.190		2.02074			4
2026.04.03	00:13:33.375		2.02076			4
2026.04.03	00:13:33.405		2.02077			4
2026.04.03	00:13:37.205	2.01990				2
2026.04.03	00:13:38.590	2.01997				2
2026.04.03	00:13:44.165		2.02079			4
2026.04.03	00:13:46.241		2.02084			4
2026.04.03	00:13:48.622	2.01990				2
2026.04.03	00:13:48.819	2.01997				2
2026.04.03	00:13:53.631	2.01989				2
2026.04.03	00:14:01.579	2.01989	2.02085			6
2026.04.03	00:14:01.669	2.01990				2
2026.04.03	00:14:02.876	2.02011				2
2026.04.03	00:14:03.668	2.02018				2
2026.04.03	00:14:16.486	2.02022				2
2026.04.03	00:14:16.518	2.02018				2
2026.04.03	00:14:23.777		2.02087			4
2026.04.03	00:14:23.928	2.02008				2
2026.04.03	00:14:27.740	2.02007				2
2026.04.03	00:14:31.759	2.02014				2
2026.04.03	00:14:42.685		2.02089			4
2026.04.03	00:14:50.223	2.02015				2
2026.04.03	00:14:52.019	2.02036				2
2026.04.03	00:14:57.037	2.02038				2
2026.04.03	00:14:57.669		2.02088			4
2026.04.03	00:14:58.568		2.02089			4
2026.04.03	00:15:00.658	2.02033	2.02060			6
2026.04.03	00:15:03.248	2.02032	2.02059			6
2026.04.03	00:15:03.689	2.02035	2.02089			6
2026.04.03	00:15:07.277	2.02034				2
2026.04.03	00:15:09.904	2.02035				2
2026.04.03	00:15:11.435		2.02091			4
2026.04.03	00:15:12.941		2.02076			4
2026.04.03	00:15:16.900	2.02031	2.02080			6
2026.04.03	00:15:17.510	2.02027				2
2026.04.03	00:15:17.927		2.02091			4
2026.04.03	00:15:18.120	2.02021				2
2026.04.03	00:15:18.704	2.02017				2
2026.04.03	00:15:19.134	2.02018				2
2026.04.03	00:15:20.717	2.02017				2
2026.04.03	00:15:21.229		2.02090			4
2026.04.03	00:15:21.320	2.02028				2
2026.04.03	00:15:22.271		2.02092			4
2026.04.03	00:15:24.069		2.02090			4
2026.04.03	00:15:28.099		2.02092			4
2026.04.03	00:15:33.327	2.02021	2.02048			6
2026.04.03	00:15:33.358	2.02024	2.02051			6
2026.04.03	00:15:35.142	2.02034	2.02092			6
2026.04.03	00:15:37.279		2.02094			4
2026.04.03	00:15:40.191	2.02035				2
2026.04.03	00:15:40.846	2.02025	2.02052			6
2026.04.03	00:15:44.615	2.02026	2.02053			6
2026.04.03	00:15:44.792	2.02027	2.02094			6
2026.04.03	00:15:49.879		2.02096			4
2026.04.03	00:15:49.994	2.02026				2
2026.04.03	00:15:53.628	2.02033				2
2026.04.03	00:16:02.047	2.02030				2
2026.04.03	00:16:06.976		2.02093			4
2026.04.03	00:16:07.069	2.02024				2
2026.04.03	00:16:07.651		2.02073			4
2026.04.03	00:16:08.467	2.02021				2
2026.04.03	00:16:08.685	2.02022				2
2026.04.03	00:16:11.025	2.02020	2.02047			6
2026.04.03	00:16:14.915	2.02022	2.02049			6
2026.04.03	00:16:15.288	2.02025	2.02052			6
2026.04.03	00:16:17.498	2.02027	2.02054			6
2026.04.03	00:16:18.692	2.02025	2.02052			6
2026.04.03	00:16:20.336	2.02024	2.02051			6
2026.04.03	00:16:31.707	2.02001	2.02028			6
2026.04.03	00:16:38.486	2.02024	2.02051			6
2026.04.03	00:16:38.571	2.02022	2.02049			6
2026.04.03	00:16:41.716	2.02027	2.02098			6
2026.04.03	00:16:46.547		2.02102			4
2026.04.03	00:16:53.236	2.02031				2
2026.04.03	00:17:10.539	2.02024				2
2026.04.03	00:17:16.898	2.02031				2
2026.04.03	00:17:36.809		2.02104			4
2026.04.03	00:17:59.417	2.01993	2.02020			6
2026.04.03	00:17:59.479	2.01999	2.02026			6
2026.04.03	00:18:00.049	2.02019	2.02046			6
2026.04.03	00:18:00.289	2.02016	2.02043			6
2026.04.03	00:18:06.351	2.02018	2.02045			6
2026.04.03	00:18:08.506	2.02010	2.02037			6
2026.04.03	00:18:08.686	2.02016	2.02043			6
2026.04.03	00:18:09.251	2.02009	2.02036			6
2026.04.03	00:18:09.700	2.02004	2.02031			6
2026.04.03	00:18:10.711	2.02009	2.02036			6
2026.04.03	00:18:11.727	2.02010	2.02037			6
2026.04.03	00:18:12.719	2.02009	2.02036			6
2026.04.03	00:18:13.918	2.02010	2.02037			6
2026.04.03	00:18:14.126	2.02004	2.02031			6
2026.04.03	00:18:14.682	2.02016	2.02043			6
2026.04.03	00:18:15.424	2.02014	2.02041			6
2026.04.03	00:18:16.270	2.02017	2.02081			6
2026.04.03	00:18:16.732	2.02016				2
2026.04.03	00:18:17.936	2.02017				2
2026.04.03	00:18:18.677		2.02102			4
2026.04.03	00:18:18.737	2.02016				2
2026.04.03	00:18:19.652		2.02099			4
2026.04.03	00:18:19.942	2.02017				2
2026.04.03	00:18:20.698		2.02102			4
2026.04.03	00:18:20.803	2.02015				2
2026.04.03	00:18:20.958	2.02016				2
2026.04.03	00:18:21.679		2.02099			4
2026.04.03	00:18:21.739	2.02017				2
2026.04.03	00:18:22.660		2.02102			4
2026.04.03	00:18:22.751	2.02016				2
2026.04.03	00:18:23.670		2.02099			4
2026.04.03	00:18:23.760	2.02017				2
2026.04.03	00:18:24.019		2.02100			4
2026.04.03	00:18:24.023		2.02099			4
2026.04.03	00:18:24.183	2.02005				2
2026.04.03	00:18:24.653		2.02102			4
2026.04.03	00:18:25.653		2.02100			4
2026.04.03	00:18:27.685	2.02004				2
2026.04.03	00:18:27.786	2.02005				2
2026.04.03	00:18:29.784	2.02004	2.02033			6
2026.04.03	00:18:30.170	2.02007	2.02034			6
2026.04.03	00:18:30.782	2.02006	2.02033			6
2026.04.03	00:18:31.777	2.02007	2.02034			6
2026.04.03	00:18:32.779	2.02006	2.02033			6
2026.04.03	00:18:33.183	2.02020	2.02047			6
2026.04.03	00:18:33.663	2.02029	2.02056			6
2026.04.03	00:18:34.287	2.02008	2.02035			6
2026.04.03	00:18:35.815	2.02009	2.02036			6
2026.04.03	00:18:36.680	2.02007	2.02034			6
2026.04.03	00:18:42.442	2.02036	2.02071			6
2026.04.03	00:18:42.825	2.02035				2
2026.04.03	00:18:43.458		2.02102			4
2026.04.03	00:18:43.615	2.02036				2
2026.04.03	00:18:43.679		2.02101			4
2026.04.03	00:18:43.821	2.02037				2
2026.04.03	00:18:44.422	2.02038				2
2026.04.03	00:18:45.829	2.02019	2.02046			6
2026.04.03	00:18:47.679	2.02038	2.02092			6
2026.04.03	00:18:47.829	2.02039				2
2026.04.03	00:18:48.822	2.02038				2
2026.04.03	00:18:49.855	2.02039				2
2026.04.03	00:18:50.586		2.02085			4
2026.04.03	00:18:50.860	2.02038				2
2026.04.03	00:18:51.852	2.02039				2
2026.04.03	00:18:52.258	2.02038				2
2026.04.03	00:18:52.608	2.02032	2.02059			6
2026.04.03	00:18:53.847	2.02033	2.02060			6
2026.04.03	00:18:54.876	2.02032	2.02059			6
2026.04.03	00:18:56.463	2.02031	2.02058			6
2026.04.03	00:18:56.979	2.02033	2.02060			6
2026.04.03	00:18:57.278	2.02032	2.02059			6
2026.04.03	00:18:58.875	2.02033	2.02060			6
2026.04.03	00:18:59.182	2.02035	2.02078			6
2026.04.03	00:18:59.467	2.02036				2
2026.04.03	00:18:59.887	2.02034				2
2026.04.03	00:19:00.874	2.02036				2
2026.04.03	00:19:01.870	2.02034				2
2026.04.03	00:19:02.893	2.02036				2
2026.04.03	00:19:04.856		2.02071			4
2026.04.03	00:19:05.437		2.02081			4
2026.04.03	00:19:11.637		2.02074			4
2026.04.03	00:19:12.261	2.02035	2.02062			6
2026.04.03	00:19:13.125	2.02031	2.02058			6
2026.04.03	00:19:14.131	2.02026	2.02053			6
2026.04.03	00:19:14.719	2.02024	2.02051			6
2026.04.03	00:19:19.484	2.02031	2.02074			6
2026.04.03	00:19:23.330	2.02035				2
2026.04.03	00:19:23.800		2.02064			4
2026.04.03	00:19:24.299	2.02020	2.02047			6
2026.04.03	00:19:26.762	2.02018	2.02045			6
2026.04.03	00:19:30.345	2.02020	2.02047			6
2026.04.03	00:19:31.136	2.02018	2.02045			6
2026.04.03	00:19:33.194	2.02020	2.02047			6
2026.04.03	00:19:34.236	2.02025	2.02052			6
2026.04.03	00:19:36.033	2.02031	2.02058			6
2026.04.03	00:19:39.651	2.02029	2.02056			6
2026.04.03	00:19:41.539	2.02024	2.02051			6
2026.04.03	00:19:42.032	2.02018	2.02045			6
2026.04.03	00:19:53.268	2.02013	2.02040			6
2026.04.03	00:19:54.639	2.02015	2.02042			6
2026.04.03	00:19:55.066	2.02020	2.02047			6
2026.04.03	00:19:55.912	2.02035	2.02095			6
2026.04.03	00:19:56.732		2.02096			4
2026.04.03	00:19:58.227	2.02034	2.02061			6
2026.04.03	00:19:59.484	2.02036	2.02063			6
2026.04.03	00:20:07.706	2.01806	2.02024			6
2026.04.03	00:20:08.338	2.01805	2.02064			6
2026.04.03	00:20:10.424	2.01804				2
2026.04.03	00:20:20.424	2.01805				2
2026.04.03	00:20:24.345	2.01804				2
2026.04.03	00:20:24.570	2.01803				2
2026.04.03	00:20:26.124	2.01804				2
2026.04.03	00:20:27.187		2.02102			4
2026.04.03	00:20:29.446		2.02096			4
2026.04.03	00:20:30.217		2.02092			4
2026.04.03	00:20:33.043	2.01803				2
2026.04.03	00:20:33.694		2.02082			4
2026.04.03	00:20:34.862		2.02078			4
2026.04.03	00:20:35.453		2.02074			4
2026.04.03	00:20:36.336	2.01804				2
2026.04.03	00:20:39.267		2.02064			4
2026.04.03	00:20:41.134	2.01803				2
2026.04.03	00:20:41.195	2.01802				2
2026.04.03	00:20:41.407		2.02085			4
2026.04.03	00:20:43.557	2.01803				2
2026.04.03	00:20:44.475		2.02078			4
2026.04.03	00:20:46.342	2.01802				2
2026.04.03	00:20:47.351		2.02082			4
2026.04.03	00:20:47.411	2.01804				2
2026.04.03	00:20:47.442	2.01802				2
2026.04.03	00:20:48.033		2.02053			4
2026.04.03	00:20:49.273		2.02042			4
2026.04.03	00:20:50.143		2.02064			4
2026.04.03	00:20:50.203	2.01801				2
2026.04.03	00:20:50.237	2.01799				2
2026.04.03	00:20:52.873	2.01798				2
2026.04.03	00:20:55.566	2.01799				2
2026.04.03	00:20:55.838		2.02060			4
2026.04.03	00:20:56.865	2.01800	2.02057			6
2026.04.03	00:20:56.894	2.01801				2
2026.04.03	00:21:00.158	2.01806				2
2026.04.03	00:21:02.151	2.01805				2
2026.04.03	00:21:02.182	2.01802				2
2026.04.03	00:21:02.242	2.01803				2
2026.04.03	00:21:08.776	2.01804				2
2026.04.03	00:21:22.838	2.01812				2
2026.04.03	00:21:24.056		2.02054			4
2026.04.03	00:21:24.827		2.02057			4
2026.04.03	00:21:27.094	2.01810				2
2026.04.03	00:21:27.124	2.01777				2
2026.04.03	00:21:27.399	2.01816				2
2026.04.03	00:21:28.237	2.01785	2.02085			6
2026.04.03	00:21:28.267	2.01786	2.02086			6
2026.04.03	00:21:28.327	2.01785	2.02085			6
2026.04.03	00:21:28.564	2.01815	2.02115			6
2026.04.03	00:21:29.395	2.01775	2.02075			6
2026.04.03	00:21:29.485	2.01776	2.02076			6
2026.04.03	00:21:29.772	2.01815	2.02115			6
2026.04.03	00:21:29.803	2.01816	2.02116			6
2026.04.03	00:21:29.832	2.01823	2.02123			6
2026.04.03	00:21:30.543	2.01788	2.02088			6
2026.04.03	00:21:30.798	2.01822	2.02122			6
2026.04.03	00:21:31.725	2.01797	2.02097			6
2026.04.03	00:21:31.755	2.01795	2.02095			6
2026.04.03	00:21:31.787	2.01794	2.02094			6
2026.04.03	00:21:31.999	2.01819	2.02119			6
2026.04.03	00:21:32.816	2.01812	2.02112			6
2026.04.03	00:21:32.847	2.01814	2.02114			6
2026.04.03	00:21:32.875	2.01809	2.02109			6
2026.04.03	00:21:32.906	2.01812	2.02112			6
2026.04.03	00:21:32.937	2.01815	2.02115			6
2026.04.03	00:21:33.121	2.01816	2.02116			6
2026.04.03	00:21:33.152	2.01818	2.02118			6
2026.04.03	00:21:33.271	2.01928	2.02116			6
2026.04.03	00:21:33.300		2.02115			4
2026.04.03	00:21:33.361		2.02116			4
2026.04.03	00:21:33.390	2.01927	2.02115			6
2026.04.03	00:21:33.451		2.02112			4
2026.04.03	00:21:33.482		2.02115			4
2026.04.03	00:21:33.643		2.02116			4
2026.04.03	00:21:33.773		2.02118			4
2026.04.03	00:21:33.803		2.02093			4
2026.04.03	00:21:33.893		2.02091			4
2026.04.03	00:21:33.987	2.01921	2.02092			6
2026.04.03	00:21:34.016		2.02090			4
2026.04.03	00:21:34.047		2.02088			4
2026.04.03	00:21:34.077		2.02090			4
2026.04.03	00:21:34.205	2.01919				2
2026.04.03	00:21:34.242		2.02091			4
2026.04.03	00:21:34.383	2.01921	2.02088			6
2026.04.03	00:21:34.413		2.02091			4
2026.04.03	00:21:34.444		2.02090			4
2026.04.03	00:21:34.563		2.02089			4
2026.04.03	00:21:34.594	2.01918				2
2026.04.03	00:21:34.654		2.02088			4
2026.04.03	00:21:34.852		2.02090			4
2026.04.03	00:21:35.003	2.01919	2.02089			6
2026.04.03	00:21:35.063		2.02078			4
2026.04.03	00:21:35.092		2.02067			4
2026.04.03	00:21:35.122		2.02069			4
2026.04.03	00:21:35.152		2.02076			4
2026.04.03	00:21:35.481	2.01779	2.02079			6
2026.04.03	00:21:35.511	2.01776	2.02076			6
2026.04.03	00:21:35.742	2.01778	2.02078			6
2026.04.03	00:21:35.773	2.01780	2.02080			6
2026.04.03	00:21:36.028	2.01898	2.02078			6
2026.04.03	00:21:36.057		2.02080			4
2026.04.03	00:21:36.148		2.02078			4
2026.04.03	00:21:36.211	2.01894				2
2026.04.03	00:21:37.020	2.01896				2
2026.04.03	00:21:37.050		2.02080			4
2026.04.03	00:21:37.199	2.01886				2
2026.04.03	00:21:37.260		2.02082			4
2026.04.03	00:21:37.609	2.01884	2.02080			6
2026.04.03	00:21:37.832	2.01886				2
2026.04.03	00:21:38.417	2.01884				2
2026.04.03	00:21:38.626	2.01885				2
2026.04.03	00:21:38.701		2.02082			4
2026.04.03	00:21:39.031	2.01884				2
2026.04.03	00:21:39.210	2.01885				2
2026.04.03	00:21:39.693		2.02062			4
2026.04.03	00:21:39.812	2.01873				2
2026.04.03	00:21:40.963		2.02060			4
2026.04.03	00:21:42.422	2.01874				2
2026.04.03	00:21:44.236	2.01872				2
2026.04.03	00:21:44.327		2.02056			4
2026.04.03	00:21:45.167		2.02058			4
2026.04.03	00:21:45.197		2.02060			4
2026.04.03	00:21:45.828	2.01871				2
2026.04.03	00:21:47.256	2.01873				2
2026.04.03	00:21:49.043	2.01871				2
2026.04.03	00:21:49.840	2.01872				2
2026.04.03	00:21:54.482	2.01871				2
2026.04.03	00:21:55.883		2.02059			4
2026.04.03	00:21:57.678		2.02058			4
2026.04.03	00:22:02.498	2.01870				2
2026.04.03	00:22:05.205		2.02056			4
2026.04.03	00:22:05.294	2.01872				2
2026.04.03	00:22:11.369		2.02055			4
2026.04.03	00:22:11.913	2.01871				2
2026.04.03	00:22:12.673		2.02056			4
2026.04.03	00:22:14.482		2.02055			4
2026.04.03	00:22:16.851		2.02053			4
2026.04.03	00:22:17.312	2.01870				2
2026.04.03	00:22:18.688		2.02058			4
2026.04.03	00:22:18.718		2.02062			4
2026.04.03	00:22:18.750	2.01872				2
2026.04.03	00:22:23.300		2.02060			4
2026.04.03	00:22:23.359		2.02063			4
2026.04.03	00:22:23.390		2.02058			4
2026.04.03	00:22:23.420		2.02060			4
2026.04.03	00:22:23.557	2.01871				2
2026.04.03	00:22:24.596		2.02058			4
2026.04.03	00:22:24.762	2.01870				2
2026.04.03	00:22:28.398		2.02057			4
2026.04.03	00:22:29.775	2.01869				2
2026.04.03	00:22:31.372	2.01870				2
2026.04.03	00:22:33.063		2.02056			4
2026.04.03	00:22:33.303		2.02058			4
2026.04.03	00:22:33.333		2.02057			4
2026.04.03	00:22:35.778		2.02056			4
2026.04.03	00:22:36.375	2.01869				2
2026.04.03	00:22:36.908		2.02057			4
2026.04.03	00:22:39.818	2.01866				2
2026.04.03	00:22:44.462		2.02056			4
2026.04.03	00:22:51.033	2.01865				2
2026.04.03	00:22:51.255	2.01866				2
2026.04.03	00:22:53.459		2.02055			4
2026.04.03	00:23:01.872	2.01865				2
2026.04.03	00:23:10.715	2.01866				2
2026.04.03	00:23:13.719	2.01867				2
2026.04.03	00:23:20.731	2.01866				2
2026.04.03	00:23:24.952	2.01867				2
2026.04.03	00:23:30.973	2.01868				2
2026.04.03	00:23:31.572	2.01871				2
2026.04.03	00:23:31.972	2.01869				2
2026.04.03	00:23:32.190	2.01873				2
2026.04.03	00:23:32.380	2.01863				2
2026.04.03	00:23:32.574	2.01867				2
2026.04.03	00:23:43.237	2.01873				2
2026.04.03	00:23:45.018	2.01874				2
2026.04.03	00:23:47.644	2.01872				2
2026.04.03	00:23:51.440	2.01871				2
2026.04.03	00:23:53.872	2.01872	2.02055			6
2026.04.03	00:23:57.079	2.01874				2
2026.04.03	00:24:01.873	2.01871				2
2026.04.03	00:24:06.904	2.01872				2
2026.04.03	00:24:07.929	2.01873				2
2026.04.03	00:24:17.936	2.01874				2
2026.04.03	00:24:24.743	2.01873				2
2026.04.03	00:24:32.790	2.01874				2
2026.04.03	00:24:52.835	2.01865				2
2026.04.03	00:24:53.035	2.01869				2
2026.04.03	00:25:00.279	2.01870	2.02055			6
2026.04.03	00:25:07.311	2.01868				2
2026.04.03	00:25:12.524	2.01873				2
2026.04.03	00:25:12.716	2.01876				2
2026.04.03	00:25:13.104	2.01875				2
2026.04.03	00:25:13.322	2.01869				2
2026.04.03	00:25:13.505	2.01871				2
2026.04.03	00:25:22.740	2.01869				2
2026.04.03	00:25:44.994	2.01870				2
2026.04.03	00:25:46.832	2.01872				2
2026.04.03	00:25:51.629	2.01870				2
2026.04.03	00:25:51.842	2.01871				2
2026.04.03	00:25:53.062	2.01867				2
2026.04.03	00:26:08.497	2.01863	2.02055			6
2026.04.03	00:26:11.491	2.01864				2
2026.04.03	00:26:17.911	2.01862				2
2026.04.03	00:26:30.975	2.01863				2
2026.04.03	00:26:31.552	2.01859				2
2026.04.03	00:26:37.769	2.01861				2
2026.04.03	00:27:06.070	2.01866				2
2026.04.03	00:27:06.273	2.01863				2
2026.04.03	00:27:06.458	2.01869				2
2026.04.03	00:27:06.670	2.01868				2
2026.04.03	00:27:07.087	2.01865				2
2026.04.03	00:27:14.516	2.01866	2.02055			6
2026.04.03	00:27:33.959	2.01858				2
2026.04.03	00:27:38.815	2.01860				2
2026.04.03	00:27:49.425	2.01861				2
2026.04.03	00:28:00.877	2.01862				2
2026.04.03	00:28:02.885	2.01861				2
2026.04.03	00:28:08.500	2.01856				2
2026.04.03	00:28:26.576	2.01854	2.02054			6
2026.04.03	00:28:39.815	2.01853	2.02053			6
2026.04.03	00:28:45.816	2.01854	2.02054			6
2026.04.03	00:28:47.435	2.01856	2.02055			6
2026.04.03	00:29:02.872	2.01855				2
2026.04.03	00:29:06.924	2.01854	2.02054			6
2026.04.03	00:29:08.331	2.01855	2.02055			6
2026.04.03	00:29:13.716	2.01856	2.02056			6
2026.04.03	00:29:20.948	2.01858	2.02057			6
2026.04.03	00:29:31.403		2.02058			4
2026.04.03	00:29:31.581	2.01860	2.02059			6
2026.04.03	00:29:34.008	2.01857	2.02057			6
2026.04.03	00:29:36.920		2.02056			4
2026.04.03	00:29:37.011	2.01856				2
2026.04.03	00:29:39.820	2.01855	2.02055			6
2026.04.03	00:29:50.660	2.01856	2.02056			6
2026.04.03	00:30:00.106	2.01855	2.02055			6
2026.04.03	00:30:00.315	2.01868	2.02059			6
2026.04.03	00:30:06.393		2.02057			4
2026.04.03	00:30:06.930	2.01869				2
2026.04.03	00:30:21.005		2.02059			4
2026.04.03	00:30:21.167		2.02060			4
2026.04.03	00:30:23.838		2.02058			4
2026.04.03	00:30:31.541		2.02057			4
2026.04.03	00:30:35.479		2.02059			4
2026.04.03	00:30:37.023	2.01874				2
2026.04.03	00:30:37.456	2.01873				2
2026.04.03	00:30:37.638	2.01874				2
2026.04.03	00:30:39.051	2.01873				2
2026.04.03	00:30:39.842	2.01871				2
2026.04.03	00:30:43.271	2.01870				2
2026.04.03	00:30:43.703		2.02058			4
2026.04.03	00:30:50.054		2.02060			4
2026.04.03	00:30:50.264	2.01866				2
2026.04.03	00:30:50.491	2.01865				2
2026.04.03	00:31:00.118	2.01867				2
2026.04.03	00:31:00.328	2.01869				2
2026.04.03	00:31:01.113	2.01870				2
2026.04.03	00:31:01.344		2.02058			4
2026.04.03	00:31:03.289		2.02055			4
2026.04.03	00:31:03.320	2.01873				2
2026.04.03	00:31:03.509	2.01874				2
2026.04.03	00:31:11.341	2.01882				2
2026.04.03	00:31:12.024		2.02056			4
2026.04.03	00:31:14.166	2.01881				2
2026.04.03	00:31:17.763		2.02057			4
2026.04.03	00:31:19.594	2.01873				2
2026.04.03	00:31:22.780	2.01872				2
2026.04.03	00:31:27.422	2.01873				2
2026.04.03	00:31:29.174		2.02059			4
2026.04.03	00:31:32.424	2.01882				2
2026.04.03	00:31:33.627	2.01875				2
2026.04.03	00:31:38.039	2.01880				2
2026.04.03	00:31:38.222	2.01876				2
2026.04.03	00:31:39.690		2.02054			4
2026.04.03	00:31:40.268		2.02053			4
2026.04.03	00:31:42.054	2.01873				2
2026.04.03	00:31:43.872		2.02054			4
2026.04.03	00:31:45.864	2.01872				2
2026.04.03	00:31:48.059	2.01880				2
2026.04.03	00:31:53.748		2.02055			4
2026.04.03	00:31:54.081	2.01873				2
2026.04.03	00:31:55.242		2.02054			4
2026.04.03	00:31:55.332		2.02055			4
2026.04.03	00:31:58.289	2.01872				2
2026.04.03	00:31:59.178		2.02056			4
2026.04.03	00:31:59.558		2.02054			4
2026.04.03	00:32:01.244	2.01872	2.02055			6
2026.04.03	00:32:07.106	2.01873				2
2026.04.03	00:32:10.588		2.02056			4
2026.04.03	00:32:11.142	2.01871				2
2026.04.03	00:32:17.357	2.01869				2
2026.04.03	00:32:18.638		2.02055			4
2026.04.03	00:32:18.964	2.01870				2
2026.04.03	00:32:21.353	2.01872				2
2026.04.03	00:32:21.569	2.01871				2
2026.04.03	00:32:22.097		2.02050			4
2026.04.03	00:32:25.349		2.02051			4
2026.04.03	00:32:27.399	2.01868				2
2026.04.03	00:32:27.664		2.02050			4
2026.04.03	00:32:30.434		2.02051			4
2026.04.03	00:32:30.465		2.02053			4
2026.04.03	00:32:30.637		2.02054			4
2026.04.03	00:32:31.188		2.02055			4
2026.04.03	00:32:31.217		2.02056			4
2026.04.03	00:32:31.247		2.02058			4
2026.04.03	00:32:31.397	2.01870				2
2026.04.03	00:32:31.750		2.02060			4
2026.04.03	00:32:31.781		2.02059			4
2026.04.03	00:32:31.811	2.01874	2.02061			6
2026.04.03	00:32:31.841		2.02066			4
2026.04.03	00:32:31.902		2.02068			4
2026.04.03	00:32:31.993	2.01884				2
2026.04.03	00:32:32.180		2.02070			4
2026.04.03	00:32:32.209	2.01883	2.02067			6
2026.04.03	00:32:32.240		2.02066			4
2026.04.03	00:32:32.270		2.02059			4
2026.04.03	00:32:32.400	2.01884				2
2026.04.03	00:32:32.598		2.02058			4
2026.04.03	00:32:32.809		2.02056			4
2026.04.03	00:32:33.209		2.02058			4
2026.04.03	00:32:33.397		2.02057			4
2026.04.03	00:32:35.208		2.02056			4
2026.04.03	00:32:36.218	2.01885	2.02058			6
2026.04.03	00:32:36.247		2.02056			4
2026.04.03	00:32:37.438	2.01880				2
2026.04.03	00:32:37.651		2.02053			4
2026.04.03	00:32:37.682		2.02050			4
2026.04.03	00:32:38.225	2.01877				2
2026.04.03	00:32:38.413	2.01886				2
2026.04.03	00:32:39.680		2.02057			4
2026.04.03	00:32:40.257		2.02056			4
2026.04.03	00:32:40.829	2.01887				2
2026.04.03	00:32:41.372		2.02055			4
2026.04.03	00:32:41.442	2.01885				2
2026.04.03	00:32:42.101		2.02030			4
2026.04.03	00:32:46.462		2.02055			4
2026.04.03	00:32:46.672	2.01888				2
2026.04.03	00:32:48.287		2.02056			4
2026.04.03	00:32:49.299		2.02045			4
2026.04.03	00:32:50.312		2.02041			4
2026.04.03	00:32:50.468	2.01887				2
2026.04.03	00:32:51.077		2.02034			4
2026.04.03	00:32:51.258	2.01886				2
2026.04.03	00:32:51.669	2.01883				2
2026.04.03	00:32:51.862	2.01888				2
2026.04.03	00:32:53.071	2.01886	2.02041			6
2026.04.03	00:32:53.262	2.01889				2
2026.04.03	00:32:53.543		2.02031			4
2026.04.03	00:32:54.655		2.02041			4
2026.04.03	00:32:55.203		2.02038			4
2026.04.03	00:32:55.680	2.01885				2
2026.04.03	00:32:56.114		2.02047			4
2026.04.03	00:33:00.661	2.01885	2.02029			6
2026.04.03	00:33:00.691	2.01886				2
2026.04.03	00:33:00.873	2.01888				2
2026.04.03	00:33:01.252		2.02019			4
2026.04.03	00:33:01.283	2.01889				2
2026.04.03	00:33:02.051		2.02022			4
2026.04.03	00:33:02.283	2.01887				2
2026.04.03	00:33:03.094	2.01885				2
2026.04.03	00:33:03.292	2.01887				2
2026.04.03	00:33:04.078		2.02026			4
2026.04.03	00:33:04.803		2.02029			4
2026.04.03	00:33:05.774		2.02022			4
2026.04.03	00:33:06.309	2.01888				2
2026.04.03	00:33:06.550		2.02026			4
2026.04.03	00:33:06.913	2.01882				2
2026.04.03	00:33:07.091	2.01888				2
2026.04.03	00:33:07.210		2.02022			4
2026.04.03	00:33:08.602		2.02015			4
2026.04.03	00:33:09.124	2.01886				2
2026.04.03	00:33:10.021		2.02032			4
2026.04.03	00:33:10.678		2.02019			4
2026.04.03	00:33:11.781		2.02026			4
2026.04.03	00:33:13.459		2.02050			4
2026.04.03	00:33:16.352		2.02033			4
2026.04.03	00:33:16.750	2.01887				2
2026.04.03	00:33:17.046		2.02019			4
2026.04.03	00:33:17.325	2.01886				2
2026.04.03	00:33:18.131	2.01884				2
2026.04.03	00:33:18.677		2.02036			4
2026.04.03	00:33:19.261		2.02040			4
2026.04.03	00:33:19.762	2.01885				2
2026.04.03	00:33:22.870		2.02033			4
2026.04.03	00:33:22.959	2.01886				2
2026.04.03	00:33:23.336	2.01888				2
2026.04.03	00:33:23.519		2.02061			4
2026.04.03	00:33:24.371	2.01890				2
2026.04.03	00:33:25.752	2.01887				2
2026.04.03	00:33:27.356	2.01881				2
2026.04.03	00:33:27.938		2.02033			4
2026.04.03	00:33:28.988	2.01880				2
2026.04.03	00:33:29.572	2.01882				2
2026.04.03	00:33:29.790	2.01884				2
2026.04.03	00:33:30.129		2.02026			4
2026.04.03	00:33:33.276		2.02028			4
2026.04.03	00:33:36.612		2.02032			4
2026.04.03	00:33:38.223	2.01888				2
2026.04.03	00:33:39.649		2.02040			4
2026.04.03	00:33:41.821	2.01887				2
2026.04.03	00:33:42.019	2.01889				2
2026.04.03	00:33:42.181		2.02047			4
2026.04.03	00:33:42.616	2.01885				2
2026.04.03	00:33:42.847		2.02033			4
2026.04.03	00:33:43.022	2.01887				2
2026.04.03	00:33:45.378		2.02036			4
2026.04.03	00:33:46.010		2.02073			4
2026.04.03	00:33:46.798		2.02074			4
2026.04.03	00:33:46.827		2.02073			4
2026.04.03	00:33:46.856	2.01889				2
2026.04.03	00:33:47.624	2.01887				2
2026.04.03	00:33:51.171		2.02029			4
2026.04.03	00:33:51.261	2.01884				2
2026.04.03	00:33:54.264	2.01886				2
2026.04.03	00:33:56.062	2.01883				2
2026.04.03	00:33:56.505		2.02033			4
2026.04.03	00:33:57.919		2.02019			4
2026.04.03	00:34:00.891	2.01882				2
2026.04.03	00:34:01.328		2.02022			4
2026.04.03	00:34:01.476	2.01885				2
2026.04.03	00:34:02.051		2.02026			4
2026.04.03	00:34:02.488	2.01886				2
2026.04.03	00:34:06.300	2.01888				2
2026.04.03	00:34:06.484	2.01886				2
2026.04.03	00:34:07.093	2.01888				2
2026.04.03	00:34:07.307	2.01889				2
2026.04.03	00:34:07.509	2.01888				2
2026.04.03	00:34:08.802		2.02019			4
2026.04.03	00:34:11.693	2.01889				2
2026.04.03	00:34:12.336		2.02026			4
2026.04.03	00:34:12.517	2.01887				2
2026.04.03	00:34:12.915	2.01889				2
2026.04.03	00:34:14.517	2.01887				2
2026.04.03	00:34:16.517	2.01888				2
2026.04.03	00:34:16.701	2.01890				2
2026.04.03	00:34:22.521	2.01889				2
2026.04.03	00:34:23.060		2.02029			4
2026.04.03	00:34:23.120	2.01890				2
2026.04.03	00:34:24.027		2.02033			4
2026.04.03	00:34:27.719		2.02075			4
2026.04.03	00:34:32.464		2.02026			4
2026.04.03	00:34:35.386	2.01884				2
2026.04.03	00:34:37.380	2.01885				2
2026.04.03	00:34:37.996	2.01888				2
2026.04.03	00:34:38.159		2.02050			4
2026.04.03	00:34:38.189	2.01886				2
2026.04.03	00:34:39.303		2.02033			4
2026.04.03	00:34:39.569	2.01888				2
2026.04.03	00:34:43.601	2.01891				2
2026.04.03	00:34:43.865		2.02054			4
2026.04.03	00:34:43.973	2.01889				2
2026.04.03	00:34:44.481		2.02040			4
2026.04.03	00:34:46.596	2.01893				2
2026.04.03	00:34:48.010	2.01895				2
2026.04.03	00:34:49.345		2.02054			4
2026.04.03	00:34:54.023	2.01901				2
2026.04.03	00:34:54.423		2.02075			4
2026.04.03	00:34:56.071		2.02074			4
2026.04.03	00:34:57.643	2.01889				2
2026.04.03	00:35:00.641	2.01891	2.02019			6
2026.04.03	00:35:01.977		2.02015			4
2026.04.03	00:35:07.875	2.01892				2
2026.04.03	00:35:11.291	2.01893				2
2026.04.03	00:35:12.279		2.02011			4
2026.04.03	00:35:12.931		2.02025			4
2026.04.03	00:35:13.563		2.02022			4
2026.04.03	00:35:14.175		2.02025			4
2026.04.03	00:35:15.200		2.02022			4
2026.04.03	00:35:16.699	2.01885				2
2026.04.03	00:35:17.771		2.01987			4
2026.04.03	00:35:18.098	2.01886				2
2026.04.03	00:35:21.323	2.01889				2
2026.04.03	00:35:22.128	2.01891				2
2026.04.03	00:35:23.130	2.01887				2
2026.04.03	00:35:23.499	2.01889				2
2026.04.03	00:35:23.767		2.01980			4
2026.04.03	00:35:27.382		2.01987			4
2026.04.03	00:35:33.098		2.02011			4
2026.04.03	00:35:34.552	2.01890				2
2026.04.03	00:35:35.782	2.01867				2
2026.04.03	00:35:36.565	2.01868	2.02048			6
2026.04.03	00:35:37.315		2.02007			4
2026.04.03	00:35:38.770	2.01869				2
2026.04.03	00:35:39.790	2.01868				2
2026.04.03	00:35:42.904		2.02042			4
2026.04.03	00:35:43.731		2.02043			4
2026.04.03	00:35:44.397		2.02007			4
2026.04.03	00:35:46.388		2.02043			4
2026.04.03	00:35:47.417	2.01869				2
2026.04.03	00:35:48.403	2.01870	2.01990			6
2026.04.03	00:35:48.842		2.01994			4
2026.04.03	00:35:51.214	2.01868				2
2026.04.03	00:35:52.046	2.01871				2
2026.04.03	00:35:53.280		2.01990			4
2026.04.03	00:35:54.252	2.01868				2
2026.04.03	00:35:56.850	2.01870				2
2026.04.03	00:35:57.460	2.01868				2
2026.04.03	00:35:57.634	2.01869				2
2026.04.03	00:35:57.867	2.01871				2
2026.04.03	00:35:58.069		2.01994			4
2026.04.03	00:36:01.818	2.01871	2.01990			6
2026.04.03	00:36:05.718		2.02036			4
2026.04.03	00:36:06.759		2.02040			4
2026.04.03	00:36:08.890		2.02036			4
2026.04.03	00:36:10.489	2.01873				2
2026.04.03	00:36:10.690	2.01871				2
2026.04.03	00:36:11.700	2.01873				2
2026.04.03	00:36:12.050		2.02043			4
2026.04.03	00:36:12.691		2.02040			4
2026.04.03	00:36:12.905	2.01895				2
2026.04.03	00:36:13.113	2.01894				2
2026.04.03	00:36:13.329		2.02043			4
2026.04.03	00:36:13.524	2.01896				2
2026.04.03	00:36:14.703		2.02054			4
2026.04.03	00:36:14.889	2.01898				2
2026.04.03	00:36:15.100	2.01897				2
2026.04.03	00:36:15.720		2.02050			4
2026.04.03	00:36:16.247		2.02052			4
2026.04.03	00:36:17.434		2.02048			4
2026.04.03	00:36:18.007		2.02047			4
2026.04.03	00:36:21.964		2.02052			4
2026.04.03	00:36:24.040		2.02084			4
2026.04.03	00:36:25.258		2.02083			4
2026.04.03	00:36:25.288		2.02081			4
2026.04.03	00:36:25.350	2.01895				2
2026.04.03	00:36:25.610		2.02083			4
2026.04.03	00:36:25.768	2.01897				2
2026.04.03	00:36:26.949		2.02084			4
2026.04.03	00:36:28.138		2.02087			4
2026.04.03	00:36:28.169	2.01899				2
2026.04.03	00:36:28.371	2.01897				2
2026.04.03	00:36:29.261		2.02088			4
2026.04.03	00:36:29.293		2.02084			4
2026.04.03	00:36:29.380	2.01896				2
2026.04.03	00:36:29.590		2.02086			4
2026.04.03	00:36:29.621		2.02085			4
2026.04.03	00:36:29.778	2.01897				2
2026.04.03	00:36:30.055		2.02084			4
2026.04.03	00:36:30.262		2.02083			4
2026.04.03	00:36:30.292		2.02084			4
2026.04.03	00:36:30.322		2.02083			4
2026.04.03	00:36:30.352		2.02085			4
2026.04.03	00:36:30.382	2.01898	2.02083			6
2026.04.03	00:36:30.413		2.02084			4
2026.04.03	00:36:30.442		2.02085			4
2026.04.03	00:36:30.471		2.02084			4
2026.04.03	00:36:30.561	2.01897				2
2026.04.03	00:36:34.187	2.01898				2
2026.04.03	00:36:35.290		2.02085			4
2026.04.03	00:36:35.608		2.02083			4
2026.04.03	00:36:35.785	2.01897				2
2026.04.03	00:36:36.695		2.02084			4
2026.04.03	00:36:36.802	2.01898				2
2026.04.03	00:36:36.948		2.02085			4
2026.04.03	00:36:37.280		2.02086			4
2026.04.03	00:36:37.339		2.02084			4
2026.04.03	00:36:37.401	2.01897	2.02085			6
2026.04.03	00:36:37.430		2.02086			4
2026.04.03	00:36:37.609	2.01898	2.02085			6
2026.04.03	00:36:37.790	2.01899				2
2026.04.03	00:36:39.188	2.01897				2
2026.04.03	00:36:40.597	2.01898				2
2026.04.03	00:36:42.416		2.02086			4
2026.04.03	00:36:42.445		2.02085			4
2026.04.03	00:36:42.609	2.01899				2
2026.04.03	00:36:42.819	2.01897				2
2026.04.03	00:36:42.995	2.01899				2
2026.04.03	00:36:43.833		2.02084			4
2026.04.03	00:36:47.313	2.01902	2.02033			6
2026.04.03	00:36:47.433	2.01904				2
2026.04.03	00:36:47.613	2.01902				2
2026.04.03	00:36:49.256		2.02044			4
2026.04.03	00:36:50.432		2.02029			4
2026.04.03	00:36:50.630	2.01904				2
2026.04.03	00:36:51.229	2.01902				2
2026.04.03	00:36:57.250	2.01895				2
2026.04.03	00:36:57.453	2.01902				2
2026.04.03	00:36:57.624		2.02036			4
2026.04.03	00:36:57.654	2.01904				2
2026.04.03	00:36:58.262		2.02033			4
2026.04.03	00:36:58.444	2.01902				2
2026.04.03	00:36:58.654	2.01903				2
2026.04.03	00:37:03.881	2.01903	2.02048			6
2026.04.03	00:37:04.473	2.01904				2
2026.04.03	00:37:06.096		2.02051			4
2026.04.03	00:37:07.476	2.01905				2
2026.04.03	00:37:07.662	2.01904	2.02085			6
2026.04.03	00:37:07.887	2.01903				2
2026.04.03	00:37:08.097	2.01905				2
2026.04.03	00:37:08.468	2.01904				2
2026.04.03	00:37:08.985		2.02051			4
2026.04.03	00:37:13.286	2.01894				2
2026.04.03	00:37:13.492	2.01904				2
2026.04.03	00:37:13.794		2.02044			4
2026.04.03	00:37:13.895	2.01905				2
2026.04.03	00:37:14.283		2.02051			4
2026.04.03	00:37:14.314	2.01891				2
2026.04.03	00:37:14.513	2.01905				2
2026.04.03	00:37:14.695	2.01906				2
2026.04.03	00:37:14.767		2.02048			4
2026.04.03	00:37:15.487	2.01888				2
2026.04.03	00:37:15.711	2.01906				2
2026.04.03	00:37:16.023		2.02055			4
2026.04.03	00:37:17.314	2.01905				2
2026.04.03	00:37:18.153		2.02044			4
2026.04.03	00:37:18.731	2.01906				2
2026.04.03	00:37:18.922	2.01900				2
2026.04.03	00:37:19.292	2.01906				2
2026.04.03	00:37:19.511	2.01907				2
2026.04.03	00:37:19.694	2.01906				2
2026.04.03	00:37:19.905	2.01907				2
2026.04.03	00:37:20.124	2.01905				2
2026.04.03	00:37:20.524	2.01892				2
2026.04.03	00:37:20.713	2.01906				2
2026.04.03	00:37:21.122	2.01907				2
2026.04.03	00:37:21.366		2.02051			4
2026.04.03	00:37:21.984		2.02085			4
2026.04.03	00:37:23.936	2.01906				2
2026.04.03	00:37:24.232		2.02052			4
2026.04.03	00:37:25.324	2.01907				2
2026.04.03	00:37:30.672		2.02088			4
2026.04.03	00:37:30.744	2.01905				2
2026.04.03	00:37:31.174	2.01881	2.02081			6
2026.04.03	00:37:31.355		2.02078			4
2026.04.03	00:37:31.542	2.01879				2
2026.04.03	00:37:31.751	2.01884				2
2026.04.03	00:37:31.952	2.01903				2
2026.04.03	00:37:32.043		2.02081			4
2026.04.03	00:37:32.164	2.01889				2
2026.04.03	00:37:32.365	2.01906				2
2026.04.03	00:37:32.565	2.01907				2
2026.04.03	00:37:32.675		2.02088			4
2026.04.03	00:37:34.565		2.02043			4
2026.04.03	00:37:35.299		2.02039			4
2026.04.03	00:37:37.385	2.01906				2
2026.04.03	00:37:39.400	2.01907				2
2026.04.03	00:37:41.405	2.01908				2
2026.04.03	00:37:42.940		2.02064			4
2026.04.03	00:37:42.999	2.01909				2
2026.04.03	00:37:43.392	2.01907				2
2026.04.03	00:37:43.639		2.02027			4
2026.04.03	00:37:43.809	2.01909				2
2026.04.03	00:37:44.204	2.01908				2
2026.04.03	00:37:44.445		2.02030			4
2026.04.03	00:37:51.051		2.02012			4
2026.04.03	00:37:51.985		2.02044			4
2026.04.03	00:37:54.511		2.02034			4
2026.04.03	00:37:54.645	2.01885				2
2026.04.03	00:37:55.255	2.01908				2
2026.04.03	00:37:56.310		2.02015			4
2026.04.03	00:37:56.651	2.01910				2
2026.04.03	00:37:58.263		2.02043			4
2026.04.03	00:38:04.091	2.01908				2
2026.04.03	00:38:04.276	2.01894				2
2026.04.03	00:38:04.366		2.02029			4
2026.04.03	00:38:04.514	2.01908				2
2026.04.03	00:38:04.898	2.01904				2
2026.04.03	00:38:05.114	2.01899				2
2026.04.03	00:38:05.300	2.01908				2
2026.04.03	00:38:05.500	2.01909				2
2026.04.03	00:38:05.654		2.02039			4
2026.04.03	00:38:07.256		2.02037			4
2026.04.03	00:38:07.504	2.01907				2
2026.04.03	00:38:07.679	2.01909				2
2026.04.03	00:38:08.311	2.01894				2
2026.04.03	00:38:08.493	2.01908				2
2026.04.03	00:38:08.684		2.02041			4
2026.04.03	00:38:08.714	2.01909				2
2026.04.03	00:38:08.887	2.01908				2
2026.04.03	00:38:09.121	2.01909				2
2026.04.03	00:38:10.239		2.02043			4
2026.04.03	00:38:11.721	2.01902				2
2026.04.03	00:38:11.914	2.01908				2
2026.04.03	00:38:12.527	2.01910				2
2026.04.03	00:38:12.763		2.02038			4
2026.04.03	00:38:12.914	2.01900				2
2026.04.03	00:38:13.127	2.01907				2
2026.04.03	00:38:13.906	2.01909				2
2026.04.03	00:38:14.311	2.01911				2
2026.04.03	00:38:19.382		2.02008			4
2026.04.03	00:38:19.561	2.01912				2
2026.04.03	00:38:20.252		2.02015			4
2026.04.03	00:38:23.933	2.01908	2.02083			6
2026.04.03	00:38:24.151	2.01892				2
2026.04.03	00:38:24.345	2.01910				2
2026.04.03	00:38:24.571	2.01912				2
2026.04.03	00:38:25.237		2.02086			4
2026.04.03	00:38:35.393	2.01894				2
2026.04.03	00:38:35.583	2.01910				2
2026.04.03	00:38:35.771	2.01903				2
2026.04.03	00:38:35.831		2.02083			4
2026.04.03	00:38:35.995	2.01911				2
2026.04.03	00:38:36.549		2.02086			4
2026.04.03	00:38:36.610	2.01909				2
2026.04.03	00:38:36.789	2.01911				2
2026.04.03	00:38:37.793	2.01915				2
2026.04.03	00:38:38.019		2.02076			4
2026.04.03	00:38:38.594		2.02079			4
2026.04.03	00:38:39.138		2.02083			4
2026.04.03	00:38:42.819	2.01914				2
2026.04.03	00:38:43.377		2.02079			4
2026.04.03	00:38:47.653		2.02015			4
2026.04.03	00:38:47.841	2.01915				2
2026.04.03	00:38:48.053	2.01914				2
2026.04.03	00:38:48.235	2.01915				2
2026.04.03	00:38:48.448	2.01914				2
2026.04.03	00:38:49.442	2.01916				2
2026.04.03	00:38:51.054	2.01898				2
2026.04.03	00:38:51.443	2.01906				2
2026.04.03	00:38:51.656	2.01915				2
2026.04.03	00:38:52.239	2.01914				2
2026.04.03	00:38:52.452	2.01916				2
2026.04.03	00:38:54.871	2.01917				2
2026.04.03	00:38:56.672	2.01908				2
2026.04.03	00:38:56.885	2.01899				2
2026.04.03	00:38:58.092	2.01903	2.02072			6
2026.04.03	00:38:58.303	2.01906				2
2026.04.03	00:38:58.591		2.02071			4
2026.04.03	00:38:58.682	2.01905				2
2026.04.03	00:38:58.877	2.01884				2
2026.04.03	00:38:59.078	2.01905				2
2026.04.03	00:38:59.169		2.02064			4
2026.04.03	00:38:59.289	2.01904				2
2026.04.03	00:38:59.473	2.01899				2
2026.04.03	00:39:00.943	2.01899	2.02071			6
2026.04.03	00:39:01.089	2.01901				2
2026.04.03	00:39:01.582		2.02075			4
2026.04.03	00:39:01.679	2.01900				2
2026.04.03	00:39:01.888	2.01902				2
2026.04.03	00:39:02.103	2.01911				2
2026.04.03	00:39:02.222		2.02068			4
2026.04.03	00:39:02.288	2.01908				2
2026.04.03	00:39:02.700	2.01897				2
2026.04.03	00:39:02.904		2.02075			4
2026.04.03	00:39:03.095	2.01908				2
2026.04.03	00:39:03.307	2.01909				2
2026.04.03	00:39:03.498	2.01902				2
2026.04.03	00:39:03.683		2.02071			4
2026.04.03	00:39:04.493	2.01907				2
2026.04.03	00:39:04.723	2.01913				2
2026.04.03	00:39:04.901	2.01902				2
2026.04.03	00:39:05.023		2.02060			4
2026.04.03	00:39:05.110	2.01910				2
2026.04.03	00:39:05.522	2.01896				2
2026.04.03	00:39:05.751		2.02064			4
2026.04.03	00:39:09.740	2.01903				2
2026.04.03	00:39:09.951	2.01918				2
2026.04.03	00:39:10.041		2.02074			4
2026.04.03	00:39:11.051		2.02078			4
2026.04.03	00:39:11.940	2.01917				2
2026.04.03	00:39:22.571	2.01915	2.02067			6
2026.04.03	00:39:23.238		2.02074			4
2026.04.03	00:39:23.368	2.01917				2
2026.04.03	00:39:23.881		2.02078			4
2026.04.03	00:39:24.536		2.02074			4
2026.04.03	00:39:25.449		2.02078			4
2026.04.03	00:39:31.601	2.01918				2
2026.04.03	00:39:31.812	2.01923				2
2026.04.03	00:39:33.015		2.02085			4
2026.04.03	00:39:35.436		2.02088			4
2026.04.03	00:39:36.024	2.01921				2
2026.04.03	00:39:36.211		2.02085			4
2026.04.03	00:39:36.637	2.01923				2
2026.04.03	00:39:42.605		2.02088			4
2026.04.03	00:39:43.103		2.02089			4
2026.04.03	00:39:47.772		2.02085			4
2026.04.03	00:39:48.270	2.01925				2
2026.04.03	00:39:49.884		2.02092			4
2026.04.03	00:39:52.474	2.01923				2
2026.04.03	00:39:52.735		2.02089			4
2026.04.03	00:39:53.373		2.02092			4
2026.04.03	00:39:53.700	2.01925				2
2026.04.03	00:39:54.482	2.01923				2
2026.04.03	00:39:54.610		2.02089			4
2026.04.03	00:39:57.183		2.02092			4
2026.04.03	00:39:57.829		2.02085			4
2026.04.03	00:39:58.804		2.02055			4
2026.04.03	00:39:58.895	2.01926				2
2026.04.03	00:40:13.459	2.01926	2.02062			6
2026.04.03	00:40:14.009		2.02058			4
2026.04.03	00:40:17.450		2.02062			4
2026.04.03	00:40:24.794		2.02058			4
2026.04.03	00:40:25.430		2.02055			4
2026.04.03	00:40:26.159	2.01924				2
2026.04.03	00:40:28.379	2.01926				2
2026.04.03	00:40:28.775	2.01924				2
2026.04.03	00:40:29.000	2.01926				2
2026.04.03	00:40:29.397	2.01924				2
2026.04.03	00:40:30.361		2.02058			4
2026.04.03	00:40:30.583	2.01928				2
2026.04.03	00:40:31.148		2.02055			4
2026.04.03	00:40:31.895		2.02058			4
2026.04.03	00:40:33.408	2.01927				2
2026.04.03	00:40:34.394	2.01928				2
2026.04.03	00:40:37.980		2.02062			4
2026.04.03	00:40:38.194	2.01926				2
2026.04.03	00:40:39.286		2.02058			4
2026.04.03	00:40:43.015	2.01907				2
2026.04.03	00:40:43.256		2.02044			4
2026.04.03	00:40:43.417	2.01908				2
2026.04.03	00:40:43.641	2.01922				2
2026.04.03	00:40:43.814	2.01905				2
2026.04.03	00:40:43.993		2.02041			4
2026.04.03	00:40:44.662		2.02071			4
2026.04.03	00:40:44.842	2.01919				2
2026.04.03	00:40:46.190		2.02041			4
2026.04.03	00:40:47.053	2.01921				2
2026.04.03	00:40:48.862	2.01914				2
2026.04.03	00:40:49.264	2.01918				2
2026.04.03	00:40:53.991		2.02034			4
2026.04.03	00:40:54.050	2.01883				2
2026.04.03	00:40:54.464	2.01881				2
2026.04.03	00:40:54.860	2.01915				2
2026.04.03	00:40:55.256	2.01890				2
2026.04.03	00:40:55.383		2.02027			4
2026.04.03	00:40:55.864	2.01876				2
2026.04.03	00:40:56.083		2.02023			4
2026.04.03	00:41:04.887	2.01882				2
2026.04.03	00:41:05.094	2.01918				2
2026.04.03	00:41:05.311	2.01901				2
2026.04.03	00:41:05.912	2.01902	2.02083			6
2026.04.03	00:41:06.091	2.01900				2
2026.04.03	00:41:06.151		2.02077			4
2026.04.03	00:41:06.984		2.02078			4
2026.04.03	00:41:07.105	2.01902				2
2026.04.03	00:41:08.169		2.02080			4
2026.04.03	00:41:12.364		2.02079			4
2026.04.03	00:41:13.509	2.01881				2
2026.04.03	00:41:13.722	2.01919				2
2026.04.03	00:41:14.504		2.02081			4
2026.04.03	00:41:16.162	2.01909				2
2026.04.03	00:41:20.703		2.02074			4
2026.04.03	00:41:20.764	2.01870	2.02070			6
2026.04.03	00:41:20.946	2.01869	2.02069			6
2026.04.03	00:41:21.154	2.01916	2.02074			6
2026.04.03	00:41:21.245		2.02067			4
2026.04.03	00:41:21.335	2.01902				2
2026.04.03	00:41:21.534	2.01881				2
2026.04.03	00:41:21.792		2.02063			4
2026.04.03	00:41:21.935	2.01882				2
2026.04.03	00:41:22.408		2.02067			4
2026.04.03	00:41:23.359	2.01883				2
2026.04.03	00:41:23.948	2.01882				2
2026.04.03	00:41:24.165	2.01883				2
2026.04.03	00:41:24.755	2.01882				2
2026.04.03	00:41:25.559	2.01881				2
2026.04.03	00:41:27.060		2.02066			4
2026.04.03	00:41:27.361	2.01916				2
2026.04.03	00:41:27.576	2.01885				2
2026.04.03	00:41:27.637		2.02062			4
2026.04.03	00:41:27.760	2.01904				2
2026.04.03	00:41:27.967	2.01887				2
2026.04.03	00:41:28.177	2.01881				2
2026.04.03	00:41:28.237		2.02066			4
2026.04.03	00:41:28.358	2.01903				2
2026.04.03	00:41:28.574	2.01877				2
2026.04.03	00:41:28.982		2.02069			4
2026.04.03	00:41:29.163	2.01905				2
2026.04.03	00:41:30.084		2.02059			4
2026.04.03	00:41:31.393	2.01906				2
2026.04.03	00:41:33.604	2.01895				2
2026.04.03	00:41:34.375	2.01897				2
2026.04.03	00:41:35.385	2.01888	2.02055			6
2026.04.03	00:41:35.955		2.02052			4
2026.04.03	00:41:36.195	2.01889				2
2026.04.03	00:41:37.819	2.01892				2
2026.04.03	00:41:37.999	2.01913				2
2026.04.03	00:41:38.198	2.01915				2
2026.04.03	00:41:38.409	2.01913	2.02076			6
2026.04.03	00:41:39.385		2.02080			4
2026.04.03	00:41:39.604	2.01912				2
2026.04.03	00:41:39.934		2.02076			4
2026.04.03	00:41:40.024	2.01916				2
2026.04.03	00:41:40.205	2.01923				2
2026.04.03	00:41:40.597	2.01922				2
2026.04.03	00:41:40.804		2.02065			4
2026.04.03	00:41:47.434	2.01901				2
2026.04.03	00:41:47.622	2.01921				2
2026.04.03	00:41:47.863	2.01920				2
2026.04.03	00:41:48.023		2.02069			4
2026.04.03	00:41:49.454	2.01915				2
2026.04.03	00:41:49.641	2.01920				2
2026.04.03	00:41:50.094		2.02065			4
2026.04.03	00:41:50.252	2.01910				2
2026.04.03	00:41:50.652	2.01908				2
2026.04.03	00:41:50.728		2.02069			4
2026.04.03	00:41:52.069		2.02065			4
2026.04.03	00:41:52.249	2.01912				2
2026.04.03	00:41:52.697		2.02069			4
2026.04.03	00:41:56.881	2.01910				2
2026.04.03	00:41:58.290	2.01915				2
2026.04.03	00:41:59.152		2.02072			4
2026.04.03	00:42:02.441	2.01915	2.02094			6
2026.04.03	00:42:03.083		2.02097			4
2026.04.03	00:42:04.852		2.02088			4
2026.04.03	00:42:05.095	2.01918				2
2026.04.03	00:42:05.453		2.02097			4
2026.04.03	00:42:05.731	2.01915				2
2026.04.03	00:42:06.931		2.02101			4
2026.04.03	00:42:07.112	2.01918				2
2026.04.03	00:42:07.321	2.01915				2
2026.04.03	00:42:07.860		2.02085			4
2026.04.03	00:42:10.183		2.02094			4
2026.04.03	00:42:10.340	2.01907				2
2026.04.03	00:42:10.752	2.01915				2
2026.04.03	00:42:11.130	2.01920				2
2026.04.03	00:42:11.941	2.01906				2
2026.04.03	00:42:12.335		2.02097			4
2026.04.03	00:42:12.738	2.01907				2
2026.04.03	00:42:12.952	2.01921				2
2026.04.03	00:42:13.061		2.02087			4
2026.04.03	00:42:14.302		2.02090			4
2026.04.03	00:42:14.962	2.01916				2
2026.04.03	00:42:15.145	2.01921				2
2026.04.03	00:42:15.431		2.02081			4
2026.04.03	00:42:17.173		2.02078			4
2026.04.03	00:42:21.772	2.01905				2
2026.04.03	00:42:25.196	2.01897				2
2026.04.03	00:42:25.466		2.02088			4
2026.04.03	00:42:26.588	2.01877	2.02077			6
2026.04.03	00:42:26.801	2.01884	2.02084			6
2026.04.03	00:42:27.375	2.01885	2.02085			6
2026.04.03	00:42:30.005	2.01884	2.02084			6
2026.04.03	00:42:33.424	2.01887	2.02087			6
2026.04.03	00:42:33.593	2.01888	2.02088			6
2026.04.03	00:42:35.161		2.02081			4
2026.04.03	00:42:35.220	2.01895				2
2026.04.03	00:42:35.409	2.01897				2
2026.04.03	00:42:35.761		2.02088			4
2026.04.03	00:42:35.822	2.01896				2
2026.04.03	00:42:36.603	2.01887	2.02087			6
2026.04.03	00:42:36.833	2.01886	2.02086			6
2026.04.03	00:42:37.013	2.01888	2.02088			6
2026.04.03	00:42:37.240	2.01886	2.02086			6
2026.04.03	00:42:37.434	2.01887	2.02087			6
2026.04.03	00:42:37.862		2.02085			4
2026.04.03	00:42:38.495		2.02087			4
2026.04.03	00:42:38.616	2.01894	2.02092			6
2026.04.03	00:42:39.033	2.01887	2.02087			6
2026.04.03	00:42:39.954		2.02078			4
2026.04.03	00:42:40.628	2.01888				2
2026.04.03	00:42:41.235	2.01889				2
2026.04.03	00:42:41.589		2.02085			4
2026.04.03	00:42:41.622	2.01910				2
2026.04.03	00:42:41.839	2.01909				2
2026.04.03	00:42:42.247	2.01910				2
2026.04.03	00:42:43.236		2.02081			4
2026.04.03	00:42:43.443	2.01886				2
2026.04.03	00:42:43.834		2.02085			4
2026.04.03	00:42:44.045	2.01907				2
2026.04.03	00:42:44.452	2.01908				2
2026.04.03	00:42:45.866		2.02088			4
2026.04.03	00:42:46.070	2.01904				2
2026.04.03	00:42:46.442	2.01903				2
2026.04.03	00:42:46.870	2.01906				2
2026.04.03	00:42:48.873	2.01907				2
2026.04.03	00:42:49.062	2.01903				2
2026.04.03	00:42:49.458	2.01904				2
2026.04.03	00:42:49.488		2.02085			4
2026.04.03	00:42:49.648	2.01890				2
2026.04.03	00:42:50.077	2.01891				2
2026.04.03	00:42:51.392		2.02088			4
2026.04.03	00:42:55.673	2.01889				2
2026.04.03	00:42:58.116		2.02085			4
2026.04.03	00:42:58.296	2.01917				2
2026.04.03	00:42:58.710	2.01903				2
2026.04.03	00:42:58.859		2.02092			4
2026.04.03	00:42:59.290	2.01905				2
2026.04.03	00:43:01.544	2.01905	2.02085			6
2026.04.03	00:43:07.124	2.01907				2
2026.04.03	00:43:08.525	2.01925				2
2026.04.03	00:43:11.154		2.02088			4
2026.04.03	00:43:16.548	2.01917				2
2026.04.03	00:43:17.361	2.01921				2
2026.04.03	00:43:17.421		2.02099			4
2026.04.03	00:43:27.602	2.01914				2
2026.04.03	00:43:27.761		2.02088			4
2026.04.03	00:43:27.790	2.01926				2
2026.04.03	00:43:27.990	2.01907				2
2026.04.03	00:43:28.278		2.02092			4
2026.04.03	00:43:28.371	2.01899				2
2026.04.03	00:43:28.572	2.01916				2
2026.04.03	00:43:29.076		2.02095			4
2026.04.03	00:43:29.169	2.01918				2
2026.04.03	00:43:29.754		2.02088			4
2026.04.03	00:43:30.194	2.01920				2
2026.04.03	00:43:30.400	2.01902				2
2026.04.03	00:43:31.408	2.01899				2
2026.04.03	00:43:31.619		2.02092			4
2026.04.03	00:43:33.440		2.02095			4
2026.04.03	00:43:33.623	2.01883	2.02083			6
2026.04.03	00:43:34.252		2.02078			4
2026.04.03	00:43:36.676		2.02081			4
2026.04.03	00:43:36.825	2.01896				2
2026.04.03	00:43:37.608	2.01906				2
2026.04.03	00:43:37.825	2.01888				2
2026.04.03	00:43:39.231	2.01890				2
2026.04.03	00:43:39.825		2.02078			4
2026.04.03	00:43:42.006		2.02074			4
2026.04.03	00:43:42.226	2.01901				2
2026.04.03	00:43:43.432	2.01900				2
2026.04.03	00:43:44.043	2.01899				2
2026.04.03	00:43:44.103	2.01919				2
2026.04.03	00:43:44.132	2.01918				2
2026.04.03	00:43:44.162	2.01916				2
2026.04.03	00:43:44.252	2.01912				2
2026.04.03	00:43:44.437		2.02099			4
2026.04.03	00:43:44.509	2.01910				2
2026.04.03	00:43:44.801	2.01907				2
2026.04.03	00:43:44.833	2.01904	2.02100			6
2026.04.03	00:43:44.862	2.01901				2
2026.04.03	00:43:45.733	2.01916				2
2026.04.03	00:43:45.764	2.01917				2
2026.04.03	00:43:45.794	2.01916				2
2026.04.03	00:43:45.870	2.01921				2
2026.04.03	00:43:45.900	2.01922				2
2026.04.03	00:43:45.929	2.01920				2
2026.04.03	00:43:45.960	2.01922				2
2026.04.03	00:43:46.349	2.01921				2
2026.04.03	00:43:47.471	2.01923				2
2026.04.03	00:43:47.500	2.01921				2
2026.04.03	00:43:48.610	2.01922				2
2026.04.03	00:43:48.670		2.02098			4
2026.04.03	00:43:48.935	2.01921				2
2026.04.03	00:43:49.086		2.02100			4
2026.04.03	00:43:50.775	2.01922				2
2026.04.03	00:43:50.805	2.01921				2
2026.04.03	00:43:51.520	2.01923				2
2026.04.03	00:43:51.551	2.01922				2
2026.04.03	00:43:51.642	2.01919				2
2026.04.03	00:43:51.672		2.02098			4
2026.04.03	00:43:52.873	2.01922				2
2026.04.03	00:43:52.903	2.01921				2
2026.04.03	00:43:53.871		2.02101			4
2026.04.03	00:43:54.056	2.01919				2
2026.04.03	00:43:54.087	2.01921				2
2026.04.03	00:43:54.274		2.02098			4
2026.04.03	00:43:55.474		2.02101			4
2026.04.03	00:43:56.466	2.01922				2
2026.04.03	00:43:56.497	2.01921				2
2026.04.03	00:43:56.684	2.01920	2.02104			6
2026.04.03	00:43:57.303	2.01921				2
2026.04.03	00:43:58.285		2.02106			4
2026.04.03	00:43:58.639	2.01936				2
2026.04.03	00:43:58.669	2.01921				2
2026.04.03	00:43:58.699		2.02120			4
2026.04.03	00:43:59.494		2.02119			4
2026.04.03	00:43:59.964		2.02116			4
2026.04.03	00:44:00.632	2.01921	2.02095			6
2026.04.03	00:44:00.965	2.01920				2
2026.04.03	00:44:00.995	2.01921				2
2026.04.03	00:44:01.324		2.02088			4
2026.04.03	00:44:03.563		2.02095			4
2026.04.03	00:44:05.471	2.01922				2
2026.04.03	00:44:05.502	2.01921				2
2026.04.03	00:44:08.286	2.01918				2
2026.04.03	00:44:08.317	2.01906				2
2026.04.03	00:44:08.376	2.01909				2
2026.04.03	00:44:08.406	2.01908				2
2026.04.03	00:44:08.435	2.01909				2
2026.04.03	00:44:08.465	2.01908				2
2026.04.03	00:44:08.495	2.01931				2
2026.04.03	00:44:08.528		2.02058			4
2026.04.03	00:44:08.710	2.01929				2
2026.04.03	00:44:09.030		2.02062			4
2026.04.03	00:44:09.100	2.01931				2
2026.04.03	00:44:10.642		2.02055			4
2026.04.03	00:44:11.161		2.02058			4
2026.04.03	00:44:11.677		2.02066			4
2026.04.03	00:44:12.282		2.02062			4
2026.04.03	00:44:12.720	2.01930				2
2026.04.03	00:44:15.531	2.01932				2
2026.04.03	00:44:15.651		2.02058			4
2026.04.03	00:44:15.742	2.01930				2
2026.04.03	00:44:17.348		2.02062			4
2026.04.03	00:44:17.560	2.01931				2
2026.04.03	00:44:18.034		2.02058			4
2026.04.03	00:44:18.132	2.01932				2
2026.04.03	00:44:19.357	2.01930				2
2026.04.03	00:44:20.021		2.02055			4
2026.04.03	00:44:20.740		2.02066			4
2026.04.03	00:44:21.772	2.01932				2
2026.04.03	00:44:22.003		2.02055			4
2026.04.03	00:44:22.163	2.01931				2
2026.04.03	00:44:22.374	2.01932				2
2026.04.03	00:44:23.329		2.02058			4
2026.04.03	00:44:23.761	2.01930				2
2026.04.03	00:44:23.961	2.01931				2
2026.04.03	00:44:24.022		2.02055			4
2026.04.03	00:44:24.633		2.02058			4
2026.04.03	00:44:24.762	2.01932				2
2026.04.03	00:44:25.448		2.02066			4
2026.04.03	00:44:26.766	2.01926				2
2026.04.03	00:44:26.916		2.02058			4
2026.04.03	00:44:27.184	2.01927				2
2026.04.03	00:44:27.490		2.02062			4
2026.04.03	00:44:29.047		2.02066			4
2026.04.03	00:44:30.930		2.02055			4
2026.04.03	00:44:31.189	2.01928				2
2026.04.03	00:44:32.818	2.01927				2
2026.04.03	00:44:33.217	2.01926				2
2026.04.03	00:44:33.376		2.02062			4
2026.04.03	00:44:33.406	2.01928				2
2026.04.03	00:44:37.031	2.01930				2
2026.04.03	00:44:43.464	2.01932				2
2026.04.03	00:44:45.667	2.01931				2
2026.04.03	00:44:46.052	2.01932				2
2026.04.03	00:44:52.672	2.01934				2
2026.04.03	00:44:54.694	2.01932				2
2026.04.03	00:44:55.690	2.01919				2
2026.04.03	00:44:56.007		2.02080			4
2026.04.03	00:44:56.283	2.01918				2
2026.04.03	00:44:57.339	2.01917				2
2026.04.03	00:44:58.273		2.02079			4
2026.04.03	00:44:59.774	2.01918				2
2026.04.03	00:45:01.265	2.01921				2
2026.04.03	00:45:01.445	2.01913				2
2026.04.03	00:45:02.030		2.02073			4
2026.04.03	00:45:03.792	2.01921				2
2026.04.03	00:45:07.329		2.02092			4
2026.04.03	00:45:07.390	2.01918				2
2026.04.03	00:45:08.493	2.01919				2
2026.04.03	00:45:11.466	2.01903				2
2026.04.03	00:45:11.496	2.01919				2
2026.04.03	00:45:18.242	2.01917				2
2026.04.03	00:45:18.272	2.01911				2
2026.04.03	00:45:21.055	2.01910				2
2026.04.03	00:45:21.983	2.01912				2
2026.04.03	00:45:23.538	2.01904				2
2026.04.03	00:45:23.627	2.01913				2
2026.04.03	00:45:26.572	2.01911				2
2026.04.03	00:45:26.602	2.01905				2
2026.04.03	00:45:26.760	2.01897				2
2026.04.03	00:45:26.791	2.01909				2
2026.04.03	00:45:27.414	2.01910				2
2026.04.03	00:45:29.803	2.01908				2
2026.04.03	00:45:30.014	2.01906				2
2026.04.03	00:45:30.607	2.01909				2
2026.04.03	00:45:30.814	2.01907				2
2026.04.03	00:45:31.498		2.02095			4
2026.04.03	00:45:31.605	2.01910				2
2026.04.03	00:45:33.232		2.02099			4
2026.04.03	00:45:34.250		2.02095			4
2026.04.03	00:45:34.431	2.01911				2
2026.04.03	00:45:34.927		2.02092			4
2026.04.03	00:45:35.015	2.01910				2
2026.04.03	00:45:38.654	2.01911				2
2026.04.03	00:45:41.062	2.01912				2
2026.04.03	00:45:43.866	2.01909				2
2026.04.03	00:45:45.537		2.02102			4
2026.04.03	00:45:45.567	2.01912				2
2026.04.03	00:45:45.596	2.01911				2
2026.04.03	00:45:45.914	2.01915				2
2026.04.03	00:45:46.516		2.02095			4
2026.04.03	00:45:52.835	2.01913				2
2026.04.03	00:45:52.919	2.01921				2
2026.04.03	00:45:52.948	2.01913				2
2026.04.03	00:45:53.100	2.01909				2
2026.04.03	00:45:53.695	2.01913				2
2026.04.03	00:45:53.755		2.02084			4
2026.04.03	00:45:53.910	2.01905				2
2026.04.03	00:45:54.221	2.01921				2
2026.04.03	00:45:54.353		2.02095			4
2026.04.03	00:45:54.605	2.01907				2
2026.04.03	00:45:54.732	2.01920				2
2026.04.03	00:45:54.761	2.01907				2
2026.04.03	00:45:54.912	2.01906				2
2026.04.03	00:45:55.344		2.02092			4
2026.04.03	00:45:55.782	2.01922				2
2026.04.03	00:45:56.569		2.02076			4
2026.04.03	00:45:56.714	2.01905				2
2026.04.03	00:45:56.893	2.01922				2
2026.04.03	00:45:57.326	2.01923				2
2026.04.03	00:45:57.991		2.02080			4
2026.04.03	00:45:58.633	2.01913				2
2026.04.03	00:45:58.724	2.01912				2
2026.04.03	00:45:58.820	2.01923				2
2026.04.03	00:45:58.850	2.01922				2
2026.04.03	00:45:59.443	2.01912				2
2026.04.03	00:45:59.504	2.01913				2
2026.04.03	00:45:59.563	2.01922				2
2026.04.03	00:46:02.801	2.01921				2
2026.04.03	00:46:05.167	2.01922				2
2026.04.03	00:46:05.520	2.01915				2
2026.04.03	00:46:05.550	2.01922				2
2026.04.03	00:46:05.611	2.01915				2
2026.04.03	00:46:05.641	2.01922				2
2026.04.03	00:46:05.680	2.01915				2
2026.04.03	00:46:06.185		2.02072			4
2026.04.03	00:46:06.344	2.01917				2
2026.04.03	00:46:06.981		2.02083			4
2026.04.03	00:46:10.983	2.01915				2
2026.04.03	00:46:14.583	2.01917				2
2026.04.03	00:46:15.575	2.01912				2
2026.04.03	00:46:16.005	2.01913				2
2026.04.03	00:46:16.183	2.01914				2
2026.04.03	00:46:16.398	2.01912				2
2026.04.03	00:46:16.775	2.01916				2
2026.04.03	00:46:16.968	2.01915				2
2026.04.03	00:46:19.792	2.01916				2
2026.04.03	00:46:20.001	2.01914				2
2026.04.03	00:46:20.170	2.01916				2
2026.04.03	00:46:21.380	2.01917				2
2026.04.03	00:46:21.610	2.01915				2
2026.04.03	00:46:26.820	2.01917				2
2026.04.03	00:46:27.419	2.01919				2
2026.04.03	00:46:28.210	2.01917				2
2026.04.03	00:46:30.420	2.01919				2
2026.04.03	00:46:33.649	2.01917				2
2026.04.03	00:46:34.659	2.01918				2
2026.04.03	00:46:35.856	2.01919				2
2026.04.03	00:46:40.646	2.01918				2
2026.04.03	00:46:41.240	2.01919				2
2026.04.03	00:46:49.695	2.01914				2
2026.04.03	00:46:50.086	2.01921				2
2026.04.03	00:46:50.528		2.02087			4
2026.04.03	00:46:51.100	2.01914				2
2026.04.03	00:46:51.162		2.02076			4
2026.04.03	00:46:51.222	2.01920				2
2026.04.03	00:46:51.803	2.01919	2.02080			6
2026.04.03	00:46:51.907	2.01921				2
2026.04.03	00:46:52.867		2.02076			4
2026.04.03	00:46:52.898	2.01919				2
2026.04.03	00:46:55.303	2.01920				2
2026.04.03	00:46:55.826		2.02080			4
2026.04.03	00:46:56.507	2.01918				2
2026.04.03	00:46:59.523	2.01919				2
2026.04.03	00:47:03.736	2.01923				2
2026.04.03	00:47:03.765	2.01918				2
2026.04.03	00:47:05.696		2.02072			4
2026.04.03	00:47:06.082		2.02080			4
2026.04.03	00:47:07.527	2.01920				2
2026.04.03	00:47:11.107		2.02092			4
2026.04.03	00:47:11.849		2.02088			4
2026.04.03	00:47:11.948	2.01918				2
2026.04.03	00:47:14.780	2.01916				2
2026.04.03	00:47:14.961	2.01918				2
2026.04.03	00:47:16.489		2.02092			4
2026.04.03	00:47:16.580	2.01909				2
2026.04.03	00:47:16.790	2.01914				2
2026.04.03	00:47:18.676		2.02088			4
2026.04.03	00:47:19.374	2.01919				2
2026.04.03	00:47:20.745		2.02094			4
2026.04.03	00:47:22.447		2.02088			4
2026.04.03	00:47:22.525	2.01920				2
2026.04.03	00:47:23.513		2.02092			4
2026.04.03	00:47:25.590	2.01919				2
2026.04.03	00:47:25.685	2.01920				2
2026.04.03	00:47:28.311	2.01915				2
2026.04.03	00:47:28.431	2.01916				2
2026.04.03	00:47:28.490	2.01920				2
2026.04.03	00:47:31.235		2.02087			4
2026.04.03	00:47:31.265	2.01919				2
2026.04.03	00:47:31.295	2.01917				2
2026.04.03	00:47:31.445	2.01920				2
2026.04.03	00:47:32.456		2.02092			4
2026.04.03	00:47:33.042	2.01918				2
2026.04.03	00:47:33.103		2.02084			4
2026.04.03	00:47:33.219	2.01920				2
2026.04.03	00:47:34.067		2.02088			4
2026.04.03	00:47:37.284		2.02099			4
2026.04.03	00:47:38.061		2.02088			4
2026.04.03	00:47:38.784		2.02092			4
2026.04.03	00:47:40.446	2.01918				2
2026.04.03	00:47:40.895		2.02088			4
2026.04.03	00:47:42.065	2.01917				2
2026.04.03	00:47:42.277	2.01918				2
2026.04.03	00:47:52.704	2.01917				2
2026.04.03	00:47:54.767		2.02092			4
2026.04.03	00:48:00.315	2.01914				2
2026.04.03	00:48:02.095		2.02055			4
2026.04.03	00:48:02.126	2.01917				2
2026.04.03	00:48:02.335	2.01918				2
2026.04.03	00:48:02.725	2.01920				2
2026.04.03	00:48:03.138	2.01922				2
2026.04.03	00:48:05.713	2.01924				2
2026.04.03	00:48:07.141	2.01925				2
2026.04.03	00:48:07.531	2.01922				2
2026.04.03	00:48:10.547	2.01925				2
2026.04.03	00:48:11.754	2.01921				2
2026.04.03	00:48:13.781	2.01922				2
2026.04.03	00:48:15.560	2.01924				2
2026.04.03	00:48:15.751	2.01925				2
2026.04.03	00:48:16.148	2.01926				2
2026.04.03	00:48:16.788	2.01931				2
2026.04.03	00:48:18.689		2.02048			4
2026.04.03	00:48:19.972		2.02051			4
2026.04.03	00:48:20.187	2.01929				2
2026.04.03	00:48:20.398	2.01925				2
2026.04.03	00:48:23.409	2.01926				2
2026.04.03	00:48:26.894		2.02048			4
2026.04.03	00:48:27.221	2.01928				2
2026.04.03	00:48:27.424		2.02055			4
2026.04.03	00:48:29.807	2.01926				2
2026.04.03	00:48:34.022	2.01932				2
2026.04.03	00:48:36.838	2.01926				2
2026.04.03	00:48:37.950		2.02051			4
2026.04.03	00:48:38.719		2.02055			4
2026.04.03	00:48:38.847	2.01928				2
2026.04.03	00:48:39.649	2.01929				2
2026.04.03	00:48:40.056	2.01927				2
2026.04.03	00:48:45.455	2.01928				2
2026.04.03	00:48:51.667	2.01929				2
2026.04.03	00:48:51.810		2.02048			4
2026.04.03	00:48:53.887	2.01931				2
2026.04.03	00:48:53.948		2.02055			4
2026.04.03	00:48:54.453		2.02059			4
2026.04.03	00:48:54.688	2.01930				2
2026.04.03	00:48:54.899	2.01931				2
2026.04.03	00:48:55.071	2.01930				2
2026.04.03	00:48:55.170		2.02051			4
2026.04.03	00:48:57.278		2.02066			4
2026.04.03	00:48:57.475	2.01932				2
2026.04.03	00:48:57.709	2.01931				2
2026.04.03	00:48:58.263		2.02059			4
2026.04.03	00:49:00.314	2.01933				2
2026.04.03	00:49:03.394		2.02055			4
2026.04.03	00:49:04.514	2.01932				2
2026.04.03	00:49:05.513	2.01931				2
2026.04.03	00:49:06.904	2.01932				2
2026.04.03	00:49:07.790		2.02059			4
2026.04.03	00:49:09.135	2.01934				2
2026.04.03	00:49:10.738	2.01935				2
2026.04.03	00:49:13.339	2.01933				2
2026.04.03	00:49:15.452		2.02051			4
2026.04.03	00:49:22.461		2.02059			4
2026.04.03	00:49:27.397	2.01932				2
2026.04.03	00:49:33.196	2.01933				2
2026.04.03	00:49:37.258		2.02066			4
2026.04.03	00:49:40.222		2.02048			4
2026.04.03	00:49:41.500		2.02051			4
2026.04.03	00:49:42.249		2.02055			4
2026.04.03	00:49:48.240	2.01934				2
2026.04.03	00:49:52.585		2.02069			4
2026.04.03	00:49:52.645	2.01935				2
2026.04.03	00:49:54.076		2.02051			4
2026.04.03	00:49:54.677	2.01933				2
2026.04.03	00:49:55.256		2.02055			4
2026.04.03	00:49:57.349		2.02051			4
2026.04.03	00:50:03.588	2.01933	2.02055			6
2026.04.03	00:50:07.081		2.02048			4
2026.04.03	00:50:09.676		2.02055			4
2026.04.03	00:50:14.325	2.01935				2
2026.04.03	00:50:14.542	2.01934				2
2026.04.03	00:50:15.928	2.01933				2
2026.04.03	00:50:22.025		2.02051			4
2026.04.03	00:50:23.148	2.01934				2
2026.04.03	00:50:23.744	2.01933				2
2026.04.03	00:50:27.322		2.02074			4
2026.04.03	00:50:28.078		2.02048			4
2026.04.03	00:50:31.162	2.01932				2
2026.04.03	00:50:38.091		2.02051			4
2026.04.03	00:50:38.189	2.01933				2
2026.04.03	00:50:39.251		2.02055			4
2026.04.03	00:50:44.333		2.02059			4
2026.04.03	00:50:44.895		2.02055			4
2026.04.03	00:50:51.230	2.01934				2
2026.04.03	00:50:55.601		2.02051			4
2026.04.03	00:51:02.670	2.01936				2
2026.04.03	00:51:02.910		2.02055			4
2026.04.03	00:51:05.081	2.01934				2
2026.04.03	00:51:09.596		2.02051			4
2026.04.03	00:51:10.085	2.01933				2
2026.04.03	00:51:10.951		2.02055			4
2026.04.03	00:51:16.147		2.02051			4
2026.04.03	00:51:17.503	2.01932				2
2026.04.03	00:51:20.122		2.02055			4
2026.04.03	00:51:20.312	2.01933				2
2026.04.03	00:51:20.734	2.01932				2
2026.04.03	00:51:22.753		2.02051			4
2026.04.03	00:51:24.668		2.02048			4
2026.04.03	00:51:25.367		2.02051			4
2026.04.03	00:51:27.033		2.02048			4
2026.04.03	00:51:28.494		2.02051			4
2026.04.03	00:51:30.154	2.01934				2
2026.04.03	00:51:34.153	2.01932				2
2026.04.03	00:51:34.249		2.02048			4
2026.04.03	00:51:37.092		2.02051			4
2026.04.03	00:51:37.183	2.01933				2
2026.04.03	00:51:37.585	2.01932				2
2026.04.03	00:51:47.612	2.01934				2
2026.04.03	00:51:49.219	2.01932				2
2026.04.03	00:51:57.446	2.01933				2
2026.04.03	00:51:57.856	2.01932				2
2026.04.03	00:51:59.976		2.02052			4
2026.04.03	00:52:00.066	2.01931				2
2026.04.03	00:52:01.249		2.02048			4
2026.04.03	00:52:04.247		2.02041			4
2026.04.03	00:52:04.276	2.01932				2
2026.04.03	00:52:04.817		2.02048			4
2026.04.03	00:52:06.589		2.02044			4
2026.04.03	00:52:13.288	2.01931				2
2026.04.03	00:52:16.098	2.01929				2
2026.04.03	00:52:17.406		2.02052			4
2026.04.03	00:52:17.492	2.01930				2
2026.04.03	00:52:19.864		2.02041			4
2026.04.03	00:52:20.325	2.01929				2
2026.04.03	00:52:22.945	2.01930				2
2026.04.03	00:52:23.330	2.01929				2
2026.04.03	00:52:23.359		2.02037			4
2026.04.03	00:52:24.178		2.02051			4
2026.04.03	00:52:25.345	2.01930				2
2026.04.03	00:52:30.117		2.02052			4
2026.04.03	00:52:30.821		2.02051			4
2026.04.03	00:52:44.422		2.02048			4
2026.04.03	00:52:45.074		2.02051			4
2026.04.03	00:52:45.785		2.02048			4
2026.04.03	00:52:47.026	2.01928				2
2026.04.03	00:52:49.440		2.02041			4
2026.04.03	00:52:51.418	2.01931				2
2026.04.03	00:52:54.441	2.01929				2
2026.04.03	00:52:54.682		2.02048			4
2026.04.03	00:52:55.380		2.02041			4
2026.04.03	00:52:57.228	2.01927				2
2026.04.03	00:53:11.131	2.01927	2.02037			6
2026.04.03	00:53:11.796		2.02041			4
2026.04.03	00:53:13.079	2.01929				2
2026.04.03	00:53:17.095	2.01927				2
2026.04.03	00:53:17.430		2.02034			4
2026.04.03	00:53:17.929		2.02037			4
2026.04.03	00:53:18.113	2.01929				2
2026.04.03	00:53:18.506	2.01927				2
2026.04.03	00:53:18.633		2.02041			4
2026.04.03	00:53:19.495	2.01929				2
2026.04.03	00:53:19.721	2.01927				2
2026.04.03	00:53:19.919		2.02034			4
2026.04.03	00:53:20.563		2.02037			4
2026.04.03	00:53:21.920	2.01929				2
2026.04.03	00:53:22.326		2.02034			4
2026.04.03	00:53:23.519	2.01927				2
2026.04.03	00:53:33.768	2.01929				2
2026.04.03	00:53:34.363		2.02037			4
2026.04.03	00:53:34.772	2.01927				2
2026.04.03	00:53:37.185		2.02034			4
2026.04.03	00:53:41.197		2.02037			4
2026.04.03	00:53:54.845	2.01929				2
2026.04.03	00:53:55.228		2.02041			4
2026.04.03	00:53:57.860	2.01927				2
2026.04.03	00:54:03.568	2.01927	2.02037			6
2026.04.03	00:54:04.374		2.02041			4
2026.04.03	00:54:16.244		2.02037			4
2026.04.03	00:54:17.378		2.02034			4
2026.04.03	00:54:18.014		2.02037			4
2026.04.03	00:54:28.156	2.01918				2
2026.04.03	00:54:28.526	2.01916				2
2026.04.03	00:54:30.347	2.01938				2
2026.04.03	00:54:30.565	2.01939				2
2026.04.03	00:54:32.126	2.01937	2.02111			6
2026.04.03	00:54:33.160	2.01929				2
2026.04.03	00:54:34.256		2.02099			4
2026.04.03	00:54:38.370	2.01932				2
2026.04.03	00:54:39.036		2.02111			4
2026.04.03	00:54:40.585	2.01936				2
2026.04.03	00:54:45.406	2.01946				2
2026.04.03	00:54:45.591	2.01938				2
2026.04.03	00:54:45.804	2.01934				2
2026.04.03	00:54:46.016	2.01941				2
2026.04.03	00:54:46.193	2.01940				2
2026.04.03	00:54:46.390	2.01934				2
2026.04.03	00:54:50.235		2.02092			4
2026.04.03	00:54:51.034	2.01936				2
2026.04.03	00:54:52.634	2.01937				2
2026.04.03	00:54:53.465		2.02095			4
2026.04.03	00:54:55.042	2.01939				2
2026.04.03	00:54:55.614		2.02092			4
2026.04.03	00:54:56.657	2.01923				2
2026.04.03	00:54:57.265	2.01925				2
2026.04.03	00:54:59.153		2.02095			4
2026.04.03	00:55:00.283	2.01928				2
2026.04.03	00:55:01.265	2.01927				2
2026.04.03	00:55:01.816		2.02114			4
2026.04.03	00:55:04.515		2.02125			4
2026.04.03	00:55:04.669	2.01931				2
2026.04.03	00:55:05.463		2.02111			4
2026.04.03	00:55:07.025		2.02114			4
2026.04.03	00:55:07.085	2.01929				2
2026.04.03	00:55:08.106	2.01937				2
2026.04.03	00:55:09.246		2.02105			4
2026.04.03	00:55:09.314	2.01896	2.02096			6
2026.04.03	00:55:10.096	2.01897	2.02097			6
2026.04.03	00:55:19.343	2.01924				2
2026.04.03	00:55:19.916		2.02107			4
2026.04.03	00:55:20.157	2.01934				2
2026.04.03	00:55:20.556	2.01938				2
2026.04.03	00:55:21.226		2.02115			4
2026.04.03	00:55:22.149	2.01940				2
2026.04.03	00:55:22.566	2.01941				2
2026.04.03	00:55:22.756	2.01942				2
2026.04.03	00:55:24.224		2.02099			4
2026.04.03	00:55:24.255		2.02098			4
2026.04.03	00:55:24.346	2.01914	2.02097			6
2026.04.03	00:55:24.951	2.01913				2
2026.04.03	00:55:25.136		2.02091			4
2026.04.03	00:55:26.164	2.01907				2
2026.04.03	00:55:26.387	2.01903				2
2026.04.03	00:55:27.165	2.01902				2
2026.04.03	00:55:29.987	2.01900				2
2026.04.03	00:55:30.078		2.02093			4
2026.04.03	00:55:30.592	2.01906				2
2026.04.03	00:55:31.176	2.01907				2
2026.04.03	00:55:34.505		2.02095			4
2026.04.03	00:55:34.594	2.01911				2
2026.04.03	00:55:35.416	2.01902				2
2026.04.03	00:55:35.597	2.01904				2
2026.04.03	00:55:36.196	2.01905				2
2026.04.03	00:55:36.356		2.02097			4
2026.04.03	00:55:36.416	2.01906				2
2026.04.03	00:55:36.932		2.02096			4
2026.04.03	00:55:36.962		2.02094			4
2026.04.03	00:55:36.993	2.01885	2.02085			6
2026.04.03	00:55:37.614	2.01882	2.02082			6
2026.04.03	00:55:38.015	2.01884	2.02084			6
2026.04.03	00:55:38.415	2.01882	2.02082			6
2026.04.03	00:55:38.612	2.01884	2.02084			6
2026.04.03	00:55:40.943		2.02082			4
2026.04.03	00:55:41.034	2.01881	2.02081			6
2026.04.03	00:55:42.699		2.02069			4
2026.04.03	00:55:42.844	2.01873				2
2026.04.03	00:55:45.844	2.01876				2
2026.04.03	00:55:47.466	2.01875				2
2026.04.03	00:55:50.468	2.01872				2
2026.04.03	00:55:51.462	2.01874				2
2026.04.03	00:55:55.079	2.01878				2
2026.04.03	00:55:56.472	2.01877				2
2026.04.03	00:55:57.303	2.01878				2
2026.04.03	00:55:57.903	2.01882				2
2026.04.03	00:55:58.897	2.01873				2
2026.04.03	00:56:00.687	2.01867	2.02067			6
2026.04.03	00:56:04.719	2.01868	2.02068			6
2026.04.03	00:56:06.522	2.01870	2.02070			6
2026.04.03	00:56:07.318	2.01879	2.02079			6
2026.04.03	00:56:07.536	2.01918	2.02086			6
2026.04.03	00:56:08.362		2.02104			4
2026.04.03	00:56:10.780		2.02100			4
2026.04.03	00:56:11.741		2.02104			4
2026.04.03	00:56:12.127	2.01916				2
2026.04.03	00:56:12.957		2.02076			4
2026.04.03	00:56:13.129	2.01887				2
2026.04.03	00:56:19.761	2.01888				2
2026.04.03	00:56:20.073		2.02078			4
2026.04.03	00:56:20.791		2.02077			4
2026.04.03	00:56:20.971	2.01877				2
2026.04.03	00:56:21.170		2.02076			4
2026.04.03	00:56:21.356		2.02077			4
2026.04.03	00:56:21.568	2.01890	2.02080			6
2026.04.03	00:56:21.961	2.01892	2.02078			6
2026.04.03	00:56:22.154	2.01889				2
2026.04.03	00:56:25.192	2.01895				2
2026.04.03	00:56:27.482		2.02095			4
2026.04.03	00:56:27.603	2.01909	2.02104			6
2026.04.03	00:56:29.803	2.01900	2.02100			6
2026.04.03	00:56:31.064		2.02098			4
2026.04.03	00:56:31.186	2.01911				2
2026.04.03	00:56:31.405	2.01905				2
2026.04.03	00:56:31.557		2.02105			4
2026.04.03	00:56:32.204	2.01933	2.02122			6
2026.04.03	00:56:32.556		2.02112			4
2026.04.03	00:56:32.586	2.01913	2.02113			6
2026.04.03	00:56:32.805	2.01924	2.02115			6
2026.04.03	00:56:32.914		2.02114			4
2026.04.03	00:56:32.944		2.02113			4
2026.04.03	00:56:32.988	2.01912	2.02112			6
2026.04.03	00:56:34.406	2.01904	2.02104			6
2026.04.03	00:56:34.822	2.01903	2.02103			6
2026.04.03	00:56:35.018	2.01905	2.02105			6
2026.04.03	00:56:35.222	2.01906	2.02106			6
2026.04.03	00:56:35.605	2.01911	2.02111			6
2026.04.03	00:56:36.418	2.01913	2.02113			6
2026.04.03	00:56:38.020	2.01914	2.02114			6
2026.04.03	00:56:41.243	2.01917	2.02115			6
2026.04.03	00:56:41.427	2.01918				2
2026.04.03	00:56:42.105		2.02116			4
2026.04.03	00:56:42.950		2.02117			4
2026.04.03	00:56:43.042	2.01916	2.02116			6
2026.04.03	00:56:43.071		2.02115			4
2026.04.03	00:56:43.102		2.02116			4
2026.04.03	00:56:43.254	2.01917	2.02115			6
2026.04.03	00:56:44.184		2.02114			4
2026.04.03	00:56:44.244	2.01926	2.02113			6
2026.04.03	00:56:44.273		2.02114			4
2026.04.03	00:56:44.459	2.01927				2
2026.04.03	00:56:44.641	2.01934				2
2026.04.03	00:56:44.668		2.02115			4
2026.04.03	00:56:44.858	2.01935				2
2026.04.03	00:56:45.257	2.01925				2
2026.04.03	00:56:45.287		2.02116			4
2026.04.03	00:56:45.933		2.02117			4
2026.04.03	00:56:45.962		2.02115			4
2026.04.03	00:56:45.992		2.02117			4
2026.04.03	00:56:46.021		2.02114			4
2026.04.03	00:56:46.052	2.01907	2.02107			6
2026.04.03	00:56:46.340		2.02085			4
2026.04.03	00:56:46.453	2.01896				2
2026.04.03	00:56:46.660		2.02087			4
2026.04.03	00:56:47.396		2.02085			4
2026.04.03	00:56:47.438	2.01900				2
2026.04.03	00:56:49.856		2.02084			4
2026.04.03	00:56:50.080		2.02085			4
2026.04.03	00:56:51.358		2.02084			4
2026.04.03	00:56:51.388		2.02088			4
2026.04.03	00:56:51.447	2.01902				2
2026.04.03	00:56:51.709		2.02086			4
2026.04.03	00:56:51.866	2.01899				2
2026.04.03	00:56:52.234		2.02087			4
2026.04.03	00:56:52.877	2.01893				2
2026.04.03	00:56:53.480	2.01895				2
2026.04.03	00:56:54.492	2.01897				2
2026.04.03	00:56:57.326		2.02086			4
2026.04.03	00:56:57.774		2.02087			4
2026.04.03	00:56:57.805		2.02097			4
2026.04.03	00:56:57.886	2.01928	2.02109			6
2026.04.03	00:56:59.280	2.01930				2
2026.04.03	00:56:59.889	2.01932				2
2026.04.03	00:57:01.913	2.01931				2
2026.04.03	00:57:02.408		2.02105			4
2026.04.03	00:57:02.498	2.01910				2
2026.04.03	00:57:04.459		2.02103			4
2026.04.03	00:57:04.489		2.02106			4
2026.04.03	00:57:04.519	2.01908				2
2026.04.03	00:57:04.780		2.02108			4
2026.04.03	00:57:04.901	2.01909	2.02109			6
2026.04.03	00:57:05.020		2.02097			4
2026.04.03	00:57:05.113	2.01911				2
2026.04.03	00:57:05.516	2.01910				2
2026.04.03	00:57:05.727		2.02101			4
2026.04.03	00:57:05.913	2.01912				2
2026.04.03	00:57:06.116	2.01910				2
2026.04.03	00:57:06.508	2.01913				2
2026.04.03	00:57:06.925	2.01912				2
2026.04.03	00:57:07.043		2.02099			4
2026.04.03	00:57:09.511	2.01913				2
2026.04.03	00:57:09.706	2.01914				2
2026.04.03	00:57:10.518	2.01913				2
2026.04.03	00:57:10.928	2.01919				2
2026.04.03	00:57:11.537	2.01920				2
2026.04.03	00:57:12.572		2.02097			4
2026.04.03	00:57:12.721	2.01905				2
2026.04.03	00:57:14.556	2.01907				2
2026.04.03	00:57:14.933	2.01900				2
2026.04.03	00:57:15.035		2.02100			4
2026.04.03	00:57:15.678		2.02099			4
2026.04.03	00:57:17.327		2.02100			4
2026.04.03	00:57:17.358	2.01911	2.02103			6
2026.04.03	00:57:17.447		2.02099			4
2026.04.03	00:57:17.537	2.01888	2.02088			6
2026.04.03	00:57:17.767	2.01905	2.02103			6
2026.04.03	00:57:18.148	2.01907				2
2026.04.03	00:57:22.164	2.01906				2
2026.04.03	00:57:22.776	2.01910				2
2026.04.03	00:57:25.444		2.02101			4
2026.04.03	00:57:26.172	2.01902				2
2026.04.03	00:57:27.678		2.02093			4
2026.04.03	00:57:27.995	2.01928				2
2026.04.03	00:57:28.254		2.02096			4
2026.04.03	00:57:28.811	2.01925				2
2026.04.03	00:57:30.797	2.01934				2
2026.04.03	00:57:31.007	2.01933				2
2026.04.03	00:57:32.405		2.02103			4
2026.04.03	00:57:32.615	2.01942				2
2026.04.03	00:57:33.116		2.02081			4
2026.04.03	00:57:36.278		2.02088			4
2026.04.03	00:57:38.646	2.01944				2
2026.04.03	00:57:38.827	2.01942				2
2026.04.03	00:57:39.077		2.02097			4
2026.04.03	00:57:39.228	2.01943				2
2026.04.03	00:57:39.417	2.01948				2
2026.04.03	00:57:39.688		2.02095			4
2026.04.03	00:57:41.647	2.01950				2
2026.04.03	00:57:42.624	2.01935				2
2026.04.03	00:57:42.848	2.01937				2
2026.04.03	00:57:43.349		2.02102			4
2026.04.03	00:57:43.438	2.01946				2
2026.04.03	00:57:44.859	2.01947				2
2026.04.03	00:57:48.447	2.01948				2
2026.04.03	00:57:52.469		2.02106			4
2026.04.03	00:57:54.872	2.01949				2
2026.04.03	00:57:58.086	2.01927				2
2026.04.03	00:57:58.486	2.01912				2
2026.04.03	00:57:59.445		2.02099			4
2026.04.03	00:58:01.900	2.01913				2
2026.04.03	00:58:04.927	2.01914				2
2026.04.03	00:58:05.532	2.01917				2
2026.04.03	00:58:12.342	2.01921				2
2026.04.03	00:58:12.523	2.01917				2
2026.04.03	00:58:12.733	2.01919				2
2026.04.03	00:58:12.923	2.01918				2
2026.04.03	00:58:13.135	2.01920				2
2026.04.03	00:58:13.313	2.01916				2
2026.04.03	00:58:13.525	2.01936				2
2026.04.03	00:58:13.731	2.01932				2
2026.04.03	00:58:13.944	2.01926				2
2026.04.03	00:58:14.273		2.02081			4
2026.04.03	00:58:15.953	2.01927				2
2026.04.03	00:58:21.172	2.01924				2
2026.04.03	00:58:23.063		2.02088			4
2026.04.03	00:58:23.171	2.01928				2
2026.04.03	00:58:23.766	2.01932				2
2026.04.03	00:58:24.576	2.01935				2
2026.04.03	00:58:24.755	2.01944				2
2026.04.03	00:58:25.563		2.02094			4
2026.04.03	00:58:25.965	2.01945				2
2026.04.03	00:58:28.553		2.02086			4
2026.04.03	00:58:30.185	2.01947				2
2026.04.03	00:58:31.792	2.01935				2
2026.04.03	00:58:31.975	2.01930				2
2026.04.03	00:58:33.243		2.02079			4
2026.04.03	00:58:37.821	2.01931				2
2026.04.03	00:58:38.607	2.01929				2
2026.04.03	00:58:43.238	2.01927				2
2026.04.03	00:58:43.419	2.01926				2
2026.04.03	00:58:45.637	2.01925	2.02114			6
2026.04.03	00:58:46.446	2.01942				2
2026.04.03	00:58:49.125		2.02111			4
2026.04.03	00:58:49.243	2.01947				2
2026.04.03	00:58:50.758		2.02090			4
2026.04.03	00:58:50.848	2.01946				2
2026.04.03	00:58:52.261	2.01943				2
2026.04.03	00:58:52.854		2.02089			4
2026.04.03	00:58:53.786		2.02107			4
2026.04.03	00:58:56.379		2.02086			4
2026.04.03	00:58:56.487	2.01945				2
2026.04.03	00:59:02.884	2.01944				2
2026.04.03	00:59:03.275	2.01930				2
2026.04.03	00:59:05.436		2.02088			4
2026.04.03	00:59:07.920	2.01931				2
2026.04.03	00:59:08.609		2.02086			4
2026.04.03	00:59:11.507	2.01919				2
2026.04.03	00:59:13.108	2.01922				2
2026.04.03	00:59:13.519	2.01937				2
2026.04.03	00:59:13.730	2.01941				2
2026.04.03	00:59:16.049		2.02104			4
2026.04.03	00:59:16.141	2.01937				2
2026.04.03	00:59:16.325	2.01936				2
2026.04.03	00:59:16.565		2.02106			4
2026.04.03	00:59:19.746	2.01935				2
2026.04.03	00:59:23.367	2.01948				2
2026.04.03	00:59:27.589	2.01949				2
2026.04.03	00:59:31.220		2.02064			4
2026.04.03	00:59:31.375	2.01927				2
2026.04.03	00:59:40.416	2.01925	2.02125			6
2026.04.03	00:59:41.213	2.01926	2.02126			6
2026.04.03	00:59:41.632	2.01930	2.02130			6
2026.04.03	00:59:42.613	2.01928	2.02128			6
2026.04.03	00:59:43.226	2.01939	2.02139			6
2026.04.03	00:59:47.434	2.01937	2.02137			6
2026.04.03	00:59:47.653	2.01939	2.02139			6
2026.04.03	00:59:47.885		2.02127			4
2026.04.03	00:59:48.048	2.01936				2
2026.04.03	00:59:49.026		2.02123			4
2026.04.03	00:59:49.859	2.01937				2
2026.04.03	00:59:50.031		2.02137			4
2026.04.03	00:59:51.464	2.01938	2.02138			6
2026.04.03	00:59:51.688		2.02130			4
2026.04.03	00:59:52.863	2.01933				2
2026.04.03	00:59:53.476		2.02128			4
2026.04.03	00:59:54.087	2.01934				2
2026.04.03	00:59:54.280	2.01932				2
2026.04.03	00:59:54.460	2.01933				2
2026.04.03	00:59:55.250		2.02133			4
2026.04.03	00:59:56.013		2.02132			4
2026.04.03	00:59:57.268	2.01934				2
2026.04.03	01:00:00.267	2.01880	2.02031			6
2026.04.03	01:00:00.451	2.01879				2
2026.04.03	01:00:00.810		2.02032			4
2026.04.03	01:00:00.902	2.01880				2
2026.04.03	01:00:01.292	2.01895	2.01960			6
2026.04.03	01:00:01.893	2.01896				2
2026.04.03	01:00:02.092	2.01898				2
2026.04.03	01:00:02.303	2.01903				2
2026.04.03	01:00:02.513	2.01902				2
2026.04.03	01:00:02.693	2.01905				2
2026.04.03	01:00:03.124	2.01903				2
2026.04.03	01:00:03.305	2.01904				2
2026.04.03	01:00:03.514	2.01902				2
2026.04.03	01:00:03.920	2.01899				2
2026.04.03	01:00:04.099		2.01950			4
2026.04.03	01:00:04.311	2.01879	2.01955			6
2026.04.03	01:00:04.533	2.01878				2
2026.04.03	01:00:04.713	2.01850				2
2026.04.03	01:00:04.925	2.01851				2
2026.04.03	01:00:05.225		2.01942			4
2026.04.03	01:00:05.713	2.01850				2
2026.04.03	01:00:06.525	2.01851				2
2026.04.03	01:00:06.735	2.01849				2
2026.04.03	01:00:07.338		2.01930			4
2026.04.03	01:00:07.855		2.01950			4
2026.04.03	01:00:07.946	2.01848				2
2026.04.03	01:00:08.318	2.01849				2
2026.04.03	01:00:10.452		2.01940			4
2026.04.03	01:00:10.548	2.01844				2
2026.04.03	01:00:11.211		2.01930			4
2026.04.03	01:00:11.241		2.01940			4
2026.04.03	01:00:11.271		2.01930			4
2026.04.03	01:00:11.378	2.01835				2
2026.04.03	01:00:11.814	2.01834				2
2026.04.03	01:00:12.354	2.01836				2
2026.04.03	01:00:12.537	2.01834				2
2026.04.03	01:00:12.747	2.01832				2
2026.04.03	01:00:13.744	2.01830				2
2026.04.03	01:00:13.955	2.01834				2
2026.04.03	01:00:14.356	2.01832				2
2026.04.03	01:00:14.588		2.01920			4
2026.04.03	01:00:14.768	2.01831				2
2026.04.03	01:00:14.887		2.01950			4
2026.04.03	01:00:14.949	2.01833				2
2026.04.03	01:00:15.279		2.01930			4
2026.04.03	01:00:15.552	2.01854				2
2026.04.03	01:00:15.954	2.01853				2
2026.04.03	01:00:16.618		2.01950			4
2026.04.03	01:00:16.648		2.01940			4
2026.04.03	01:00:16.767	2.01858				2
2026.04.03	01:00:18.287		2.01930			4
2026.04.03	01:00:18.378	2.01849				2
2026.04.03	01:00:18.961	2.01850				2
2026.04.03	01:00:20.638		2.01950			4
2026.04.03	01:00:20.789	2.01855				2
2026.04.03	01:00:21.584	2.01857				2
2026.04.03	01:00:23.575	2.01854				2
2026.04.03	01:00:24.175	2.01855				2
2026.04.03	01:00:25.407	2.01857				2
2026.04.03	01:00:28.099		2.01940			4
2026.04.03	01:00:28.188	2.01852				2
2026.04.03	01:00:29.368		2.01930			4
2026.04.03	01:00:29.399	2.01849				2
2026.04.03	01:00:29.609	2.01848				2
2026.04.03	01:00:34.810	2.01845				2
2026.04.03	01:00:35.026	2.01846				2
2026.04.03	01:00:38.449	2.01847				2
2026.04.03	01:00:40.828	2.01845				2
2026.04.03	01:00:41.839	2.01844				2
2026.04.03	01:00:44.665	2.01843				2
2026.04.03	01:00:51.866	2.01839				2
2026.04.03	01:00:52.075	2.01841				2
2026.04.03	01:00:54.261	2.01839				2
2026.04.03	01:00:58.495	2.01841				2
2026.04.03	01:00:59.487	2.01837				2
2026.04.03	01:01:00.105	2.01817				2
2026.04.03	01:01:00.156		2.01920			4
2026.04.03	01:01:00.306	2.01797				2
2026.04.03	01:01:00.911	2.01798				2
2026.04.03	01:01:02.093	2.01800				2
2026.04.03	01:01:04.694	2.01797				2
2026.04.03	01:01:06.537		2.01910			4
2026.04.03	01:01:06.718	2.01792				2
2026.04.03	01:01:07.112	2.01793				2
2026.04.03	01:01:07.923		2.01940			4
2026.04.03	01:01:07.954		2.01920			4
2026.04.03	01:01:08.105	2.01812				2
2026.04.03	01:01:09.516	2.01810				2
2026.04.03	01:01:09.726	2.01812				2
2026.04.03	01:01:11.341	2.01808				2
2026.04.03	01:01:12.537	2.01807				2
2026.04.03	01:01:16.348	2.01805				2
2026.04.03	01:01:16.955	2.01807				2
2026.04.03	01:01:17.347	2.01805				2
2026.04.03	01:01:19.338	2.01804				2
2026.04.03	01:01:19.735	2.01805				2
2026.04.03	01:01:20.556	2.01807				2
2026.04.03	01:01:20.987	2.01804				2
2026.04.03	01:01:21.377	2.01802				2
2026.04.03	01:01:23.364	2.01799				2
2026.04.03	01:01:23.575	2.01805				2
2026.04.03	01:01:24.567	2.01804				2
2026.04.03	01:01:24.780	2.01806				2
2026.04.03	01:01:25.186	2.01805				2
2026.04.03	01:01:30.979	2.01802				2
2026.04.03	01:01:31.369	2.01811				2
2026.04.03	01:01:31.567	2.01810				2
2026.04.03	01:01:31.992	2.01808				2
2026.04.03	01:01:32.774	2.01806				2
2026.04.03	01:01:34.602	2.01807				2
2026.04.03	01:01:35.188	2.01805				2
2026.04.03	01:01:35.579	2.01807				2
2026.04.03	01:01:35.807	2.01803				2
2026.04.03	01:01:36.016	2.01807				2
2026.04.03	01:01:36.584	2.01806				2
2026.04.03	01:01:37.394	2.01807				2
2026.04.03	01:01:39.217	2.01806				2
2026.04.03	01:01:42.227	2.01807				2
2026.04.03	01:01:42.406	2.01808				2
2026.04.03	01:01:42.617	2.01807				2
2026.04.03	01:01:44.000	2.01805				2
2026.04.03	01:01:45.098		2.01910			4
2026.04.03	01:01:45.222	2.01799				2
2026.04.03	01:01:45.641	2.01800				2
2026.04.03	01:01:46.214	2.01802				2
2026.04.03	01:01:50.741		2.01920			4
2026.04.03	01:01:50.860	2.01805				2
2026.04.03	01:01:51.043	2.01807				2
2026.04.03	01:01:51.255	2.01806				2
2026.04.03	01:01:51.434	2.01805				2
2026.04.03	01:01:51.644	2.01807				2
2026.04.03	01:01:51.838	2.01806				2
2026.04.03	01:01:54.065	2.01802				2
2026.04.03	01:01:54.245	2.01804				2
2026.04.03	01:01:54.859	2.01802				2
2026.04.03	01:01:56.059	2.01803				2
2026.04.03	01:01:56.279	2.01801				2
2026.04.03	01:01:59.661	2.01803				2
2026.04.03	01:02:00.534	2.01803	2.01910			6
2026.04.03	01:02:00.655	2.01801				2
2026.04.03	01:02:01.257	2.01800				2
2026.04.03	01:02:06.497	2.01798				2
2026.04.03	01:02:07.204		2.01920			4
2026.04.03	01:02:07.428		2.01898			4
2026.04.03	01:02:07.489	2.01802	2.01903			6
2026.04.03	01:02:07.578		2.01901			4
2026.04.03	01:02:07.637		2.01898			4
2026.04.03	01:02:07.699	2.01810				2
2026.04.03	01:02:07.908	2.01813				2
2026.04.03	01:02:08.090	2.01812				2
2026.04.03	01:02:08.180		2.01897			4
2026.04.03	01:02:08.300	2.01815				2
2026.04.03	01:02:08.511	2.01817				2
2026.04.03	01:02:08.905		2.01895			4
2026.04.03	01:02:09.114	2.01812				2
2026.04.03	01:02:12.495	2.01861	2.01891			6
2026.04.03	01:02:13.315		2.01890			4
2026.04.03	01:02:14.137	2.01863				2
2026.04.03	01:02:14.916	2.01868	2.01895			6
2026.04.03	01:02:15.336		2.01896			4
2026.04.03	01:02:15.515	2.01866	2.01894			6
2026.04.03	01:02:16.526	2.01865	2.01892			6
2026.04.03	01:02:21.127	2.01864	2.01891			6
2026.04.03	01:02:25.959	2.01863	2.01890			6
2026.04.03	01:02:26.760	2.01864	2.01891			6
2026.04.03	01:02:32.373	2.01862	2.01889			6
2026.04.03	01:02:36.397	2.01861	2.01888			6
2026.04.03	01:02:37.409	2.01858	2.01885			6
2026.04.03	01:02:38.388	2.01859	2.01886			6
2026.04.03	01:02:39.817	2.01858	2.01885			6
2026.04.03	01:02:40.606	2.01854	2.01881			6
2026.04.03	01:02:52.842	2.01853	2.01880			6
2026.04.03	01:02:55.245	2.01854	2.01881			6
2026.04.03	01:02:55.671	2.01853	2.01880			6
2026.04.03	01:02:58.466	2.01854	2.01881			6
2026.04.03	01:03:00.066	2.01852	2.01879			6
2026.04.03	01:03:01.087	2.01848	2.01875			6
2026.04.03	01:03:03.486	2.01849	2.01876			6
2026.04.03	01:03:11.538	2.01848	2.01875			6
2026.04.03	01:03:11.719	2.01856	2.01883			6
2026.04.03	01:03:20.139	2.01854	2.01881			6
2026.04.03	01:03:21.964	2.01855	2.01882			6
2026.04.03	01:03:29.794	2.01854	2.01881			6
2026.04.03	01:03:45.235	2.01857	2.01884			6
2026.04.03	01:03:56.056	2.01858	2.01885			6
2026.04.03	01:04:01.075	2.01857	2.01884			6
2026.04.03	01:04:01.687	2.01859	2.01886			6
2026.04.03	01:04:09.717	2.01858	2.01885			6
2026.04.03	01:04:14.547	2.01859	2.01886			6
2026.04.03	01:04:16.347	2.01858	2.01885			6
2026.04.03	01:04:18.157	2.01859	2.01886			6
2026.04.03	01:04:23.783	2.01858	2.01885			6
2026.04.03	01:04:25.379	2.01859	2.01886			6
2026.04.03	01:04:34.197	2.01858	2.01885			6
2026.04.03	01:05:00.086	2.01859	2.01886			6
2026.04.03	01:05:00.298	2.01864	2.01891			6
2026.04.03	01:05:00.687	2.01865	2.01892			6
2026.04.03	01:05:00.884	2.01866	2.01893			6
2026.04.03	01:05:01.094	2.01867	2.01895			6
2026.04.03	01:05:01.154	2.01863	2.01890			6
2026.04.03	01:05:01.515	2.01864	2.01891			6
2026.04.03	01:05:01.663	2.01867	2.01894			6
2026.04.03	01:05:07.747	2.01863	2.01890			6
2026.04.03	01:05:07.926	2.01861	2.01888			6
2026.04.03	01:05:12.116	2.01862	2.01889			6
2026.04.03	01:05:12.340	2.01863	2.01890			6
2026.04.03	01:05:18.149	2.01857	2.01884			6
2026.04.03	01:05:18.336	2.01855	2.01882			6
2026.04.03	01:05:18.768	2.01853	2.01880			6
2026.04.03	01:05:18.798	2.01849	2.01876			6
2026.04.03	01:05:20.143	2.01847	2.01874			6
2026.04.03	01:05:31.992	2.01846	2.01873			6
2026.04.03	01:05:37.213	2.01847	2.01874			6
2026.04.03	01:05:38.225	2.01846	2.01873			6
